,Unnamed: 0,symbol,,exchange,t,lp,dateStr,lq,bp,bq,ap,aq,oi,lqd,bp1,bp2,bp3,bp4,bp5,ap1,ap2,ap3,ap4,ap5,bq1,bq2,bq3,bq4,bq5,aq1,aq2,aq3,aq4,aq5,lup,ldown
26674,26675,IH2008,,CFFEX,53999.7,3282.4,20200806,49172,3283.6,2,3283.8,1,36492,48213260460,3283.6,3282.4,3282,3281.8,3281.6,3283.8,3284,3284.2,3284.4,3284.6,2,4,1,10,8,1,3,2,1,1,3609.2,2953.2
53639,26965,IH2008,,CFFEX,53999.9,3253,20200807,45761,3252.4,5,3254.4,3,31764,44659464420,3252.4,3252,3251.8,3251.6,3250.2,3254.4,3255,3255.2,3255.6,3256,5,2,1,1,1,3,4,1,1,2,3598.4,2944.4
80219,26580,IH2008,,CFFEX,53999.9,3279,20200810,43070,3278,1,3279,2,33387,42242532900,3278,3277.6,3277.4,3277,3276.8,3279,3280.4,3281,3281.8,3282,1,2,1,1,1,2,5,3,5,3,3587.8,2935.8
106150,25931,IH2008,,CFFEX,53999.6,3248.8,20200811,44688,3248.8,2,3249.8,1,33299,44303938800,3248.8,3248,3247.4,3247,3246.8,3249.8,3250,3250.2,3250.4,3250.6,2,1,1,2,1,1,1,2,2,2,3618,2960.4
132697,26547,IH2008,,CFFEX,54000,3243.8,20200812,43027,3243.8,1,3244.6,4,33919,41716327740,3243.8,3243.6,3243.2,3243,3242.8,3244.6,3245,3245.6,3246,3246.6,1,1,1,1,1,4,2,3,3,1,3604.6,2949.4
158091,25394,IH2008,,CFFEX,53999.8,3227.2,20200813,33780,3227.2,4,3228,1,30172,32823950340,3227.2,3226.8,3226.2,3226,3225,3228,3230.2,3230.4,3230.6,3230.8,4,1,1,4,1,1,2,1,1,4,3558.6,2911.8
184055,25964,IH2008,,CFFEX,53999.9,3295,20200814,35936,3293.6,2,3295,2,29512,35065047000,3293.6,3293,3292.2,3291.6,3291.4,3295,3295.8,3296,3296.2,3296.8,2,2,2,1,2,2,1,3,6,2,3559,2912.2
210181,26126,IH2008,,CFFEX,53999.8,3372,20200817,41653,3372,4,3373,2,30594,41941683480,3372,3371.8,3371.6,3371.4,3371.2,3373,3373.2,3373.4,3373.6,3373.8,4,2,3,1,1,2,1,1,2,1,3604,2948.8
234383,24202,IH2008,,CFFEX,54000,3361.4,20200818,27782,3361.2,4,3362.4,1,24371,28038338760,3361.2,3361,3360.8,3360.6,3360.4,3362.4,3362.6,3362.8,3363,3363.2,4,2,1,1,3,1,1,2,3,4,3706.6,3033
258668,24285,IH2008,,CFFEX,54000,3296.6,20200819,28423,3297,1,3298.6,1,21542,28445034660,3297,3296.8,3296.6,3296.4,3296.2,3298.6,3299,3299.2,3299.8,3300,1,1,1,1,2,1,4,3,2,2,3694,3022.4
309757,26128,IH2009,#REF!,CFFEX,54000,3286.2,20200821,38875,3285.8,5,3286.6,6,48549,38238837120,3285.8,3285.6,3285.4,3285,3284.8,3286.6,3286.8,3287,3287.8,3288,5,2,5,3,1,6,2,6,1,15,3579,2928.6
335785,26028,IH2009,#NAME?,CFFEX,53999.8,3283,20200824,39795,3283,1,3284.6,5,47902,39422907240,3283,3282.6,3282.2,3282,3281,3284.6,3284.8,3285,3285.2,3285.4,1,2,3,2,2,5,2,1,4,1,3599.4,2945
361687,25902,IH2009,#NAME?,CFFEX,53999.9,3307.4,20200825,38511,3307,2,3307.4,2,47310,38289449640,3307,3306.6,3306.2,3306,3305.8,3307.4,3307.6,3307.8,3308,3308.2,2,5,1,3,1,2,2,9,13,1,3620.4,2962.4
388324,26637,IH2009,#NAME?,CFFEX,53999.8,3266.2,20200826,39449,3266.2,1,3267,3,48461,38940112680,3266.2,3265.6,3265.4,3265.2,3265,3267,3267.4,3267.8,3268,3268.2,1,1,2,3,5,3,1,1,4,2,3633.4,2973
414174,25850,IH2009,#NAME?,CFFEX,53999.9,3285.4,20200827,35560,3284.6,2,3285.4,3,46231,34871417700,3284.6,3284.4,3284.2,3284,3283.8,3285.4,3286,3286.2,3286.4,3286.6,2,3,1,3,1,3,7,1,3,2,3595.4,2941.8
441089,26915,IH2009,#NAME?,CFFEX,54000,3372,20200828,48794,3371,2,3372.2,5,50098,48649106460,3371,3370.8,3370.4,3370.2,3370,3372.2,3372.4,3372.6,3372.8,3373,2,1,2,5,4,5,1,6,2,1,3603.2,2948.4
467366,26277,IH2009,#NAME?,CFFEX,53999.6,3328.8,20200831,43568,3328.2,1,3329.6,5,46513,44181157380,3328.2,3328,3327.8,3327.6,3327.2,3329.6,3329.8,3330,3330.8,3331,1,1,1,1,2,5,2,10,6,2,3697.4,3025.4
492292,24925,IH2009,#NAME?,CFFEX,53999.9,3353,20200901,32293,3351.8,1,3352.8,1,44990,32356951020,3351.8,3351.6,3351,3350.8,3350.6,3352.8,3353,3353.2,3353.4,3353.6,1,1,2,1,1,1,9,3,2,1,3682.4,3013.2
518707,26415,IH2009,#NAME?,CFFEX,53999.7,3335,20200902,44794,3336,1,3337.2,16,47916,44830188540,3336,3334.2,3333.8,3332.8,3332.6,3337.2,3337.4,3337.8,3338,3338.2,1,3,1,1,1,16,5,3,5,10,3675.4,3007.4
545259,26552,IH2009,#NAME?,CFFEX,53999.6,3330.2,20200903,41557,3330.2,1,3330.4,4,44700,41616514320,3330.2,3329.6,3329,3328.8,3328.6,3330.4,3330.6,3330.8,3331,3331.2,1,4,2,1,2,4,5,7,4,1,3672.4,3004.8
570569,25310,IH2009,#NAME?,CFFEX,54000,3295.2,20200904,35886,3295.2,1,3296.6,1,42499,35429846220,3295.2,3295,3294.6,3294.4,3294,3296.6,3297.8,3298.2,3298.6,3299.2,1,4,2,1,2,1,1,1,2,1,3656.8,2992
596604,26035,IH2009,#NAME?,CFFEX,53999.9,3235.4,20200907,42735,3235.8,2,3236,1,44337,42082712040,3235.8,3235.2,3235,3234.2,3234,3236,3236.2,3236.4,3236.6,3236.8,2,4,5,1,10,1,1,10,4,2,3625.6,2966.4
622952,26348,IH2009,#NAME?,CFFEX,53999.6,3280.2,20200908,38047,3280.2,1,3281.4,11,41833,37264854480,3280.2,3279.4,3279.2,3278.8,3278.6,3281.4,3281.8,3282,3282.2,3282.4,1,1,1,1,1,11,2,3,1,3,3578.2,2927.8
649415,26463,IH2009,#NAME?,CFFEX,53999.9,3221.2,20200909,44086,3221.2,3,3221.4,1,42462,42833146440,3221.2,3221,3220.8,3220.2,3220,3221.4,3222.4,3222.8,3223,3223.6,3,5,3,8,18,1,6,2,3,2,3608.4,2952.4
675483,26068,IH2009,#NAME?,CFFEX,53999.9,3240.6,20200910,39981,3240.4,3,3241.8,2,40915,38958958800,3240.4,3240,3239.8,3239.6,3239.2,3241.8,3242,3242.2,3242.4,3242.6,3,1,2,1,1,2,9,4,3,5,3555.6,2909.2
700700,25217,IH2009,#NAME?,CFFEX,54000,3258.8,20200911,32967,3258.8,3,3259,7,35856,32091028380,3258.8,3258,3257.6,3257.4,3257.2,3259,3259.2,3259.4,3259.6,3259.8,3,3,6,5,3,7,1,3,3,2,3567.2,2918.8
712884,12183,IH2009,#NAME?,CFFEX,53999.6,3286.2,20200914,30358,3286.2,2,3287.2,15,32315,29872798620,3286.2,3286,3285.6,3285.4,3285.2,3287.2,3287.6,3287.8,3288,3288.2,2,13,1,3,2,15,2,2,12,2,3584,2932.4
732542,19657,IH2009,#NAME?,CFFEX,53999.6,3309,20200915,31839,3308.8,3,3309.6,1,29172,31517167320,3308.8,3308.4,3308.2,3308,3307.6,3309.6,3309.8,3310,3310.4,3310.8,3,2,1,3,1,1,1,3,2,1,3608.8,2952.8
751564,19022,IH2009,#NAME?,CFFEX,53999.9,3288.6,20200916,28009,3288.4,2,3288.6,1,21659,27714490740,3288.4,3288.2,3287.8,3287.6,3287.2,3288.6,3288.8,3289,3289.4,3289.6,2,6,1,1,5,1,1,2,1,1,3640.6,2979
791876,21628,IH2010,#REF!,CFFEX,53999.6,3347.8,20200918,44804,3347,2,3348.8,1,38846,44300975280,3347,3346.8,3346.6,3346.2,3346,3348.8,3349.4,3349.6,3350,3350.4,2,1,1,1,2,1,3,1,5,1,3573.8,2924.2
815582,23705,IH2010,#NAME?,CFFEX,53999.8,3299.6,20200921,37790,3299.6,2,3300,4,36067,37670596680,3299.6,3299.4,3299.2,3299,3298.8,3300,3300.2,3300.6,3300.8,3301,2,6,2,1,1,4,1,1,1,1,3668,3001.2
838546,22964,IH2010,#NAME?,CFFEX,53999.9,3256,20200922,40400,3256,1,3259,1,37862,39765833580,3256,3255.2,3255,3254.6,3254.2,3259,3259.4,3259.6,3259.8,3260,1,1,1,2,2,1,7,4,6,7,3636,2975.2
857618,19072,IH2010,#NAME?,CFFEX,53999.6,3253,20200923,29974,3253,1,3253.4,1,33385,29301894720,3253,3252.8,3252.6,3252.4,3252.2,3253.4,3253.8,3254,3254.6,3254.8,1,1,4,2,2,1,1,2,2,1,3587.2,2935.2
883277,25659,IH2010,#NAME?,CFFEX,54000,3202.6,20200924,38091,3201.8,1,3203.8,1,36520,36745866540,3201.8,3201.4,3201.2,3201,3200.4,3203.8,3204,3204.2,3204.4,3204.8,1,1,4,2,2,1,5,1,5,4,3582.8,2931.6
907986,24709,IH2010,#NAME?,CFFEX,53999.9,3222.2,20200925,29656,3221.2,1,3222.2,3,33159,28645460100,3221.2,3221,3220.8,3220.6,3220.4,3222.2,3222.8,3223.2,3223.4,3223.8,1,3,2,1,1,3,1,3,1,1,3527.4,2886.2
931980,23994,IH2010,#NAME?,CFFEX,54000,3243.2,20200928,29554,3243,1,3243.6,3,32356,28766884740,3243,3242.8,3242.6,3242.2,3242,3243.6,3244,3244.2,3244.8,3245,1,2,2,3,4,3,5,5,5,2,3543,2899
954459,22478,IH2010,#NAME?,CFFEX,53999.9,3240,20200929,26958,3240.2,1,3240.8,1,29036,26282109540,3240.2,3239.6,3239.4,3239.2,3239,3240.8,3241.4,3241.6,3241.8,3242,1,1,1,10,2,1,2,1,2,7,3566.4,2918
974912,20452,IH2010,#NAME?,CFFEX,53999.6,3210.6,20200930,29403,3210.4,6,3210.6,1,28138,28585012380,3210.4,3210,3209.4,3209.2,3209,3210.6,3211.8,3212.8,3213.6,3213.8,6,1,1,1,2,1,1,1,1,1,3572.4,2923.2
997781,22869,IH2010,#NAME?,CFFEX,54000,3275.8,20201009,26760,3275.4,3,3276.2,1,27585,26356463040,3275.4,3275.2,3275,3274.4,3274.2,3276.2,3276.4,3276.8,3277,3277.6,3,1,7,1,2,1,1,1,1,1,3541.4,2897.8
1022908,25127,IH2010,#NAME?,CFFEX,53999.8,3387.2,20201012,34802,3385.4,8,3387.2,9,30562,35039043240,3385.4,3385.2,3385,3384.8,3384.6,3387.2,3387.8,3388,3388.4,3388.6,8,1,6,3,4,9,2,1,1,6,3607,2951.4
1043117,20209,IH2010,#NAME?,CFFEX,54000,3382.6,20201013,26082,3382.4,1,3382.8,3,24301,26390643660,3382.4,3382.2,3382,3381.8,3381.6,3382.8,3383.2,3383.4,3383.6,3384,1,1,7,1,1,3,4,1,6,2,3717.4,3041.8
1061673,18555,IH2010,#NAME?,CFFEX,53999.7,3369.8,20201014,22593,3367.8,1,3370.6,1,20983,22808643540,3367.8,3367.4,3367.2,3367,3366.6,3370.6,3371,3371.2,3371.6,3372.2,1,1,1,2,1,1,1,1,3,1,3720.8,3044.4
1104546,21064,IH2011,#REF!,CFFEX,53999.6,3368,20201016,30827,3368.2,1,3368.8,13,28541,31217351280,3368.2,3368,3367.2,3367,3366.8,3368.8,3369,3369.6,3369.8,3370,1,1,4,6,2,13,2,9,5,4,3701,3028.2
1129673,25127,IH2011,#NAME?,CFFEX,53999.6,3341,20201019,37393,3341,2,3342.6,1,33000,37932523080,3341,3340.8,3340.6,3340.2,3340,3342.6,3343.4,3343.6,3344,3344.4,2,1,3,2,5,1,2,1,1,1,3706,3032.4
1151361,21688,IH2011,#NAME?,CFFEX,53999.7,3348.2,20201020,23385,3348.2,1,3349.2,2,29648,23458888080,3348.2,3347.6,3347.4,3347.2,3347,3349.2,3349.4,3349.6,3349.8,3350,1,1,7,4,9,2,4,1,3,3,3680,3011.2
1175048,23687,IH2011,#NAME?,CFFEX,53999.3,3368.4,20201021,27811,3368.2,1,3368.6,1,29562,27955643580,3368.2,3367.6,3367.4,3367.2,3367,3368.6,3368.8,3369.2,3369.4,3369.8,1,1,2,1,2,1,1,1,17,3,3682,3012.8
1198739,23690,IH2011,#NAME?,CFFEX,53999.8,3359.8,20201022,31869,3357.4,2,3361,1,30219,31963172100,3357.4,3357.2,3357,3356.4,3356.2,3361,3361.8,3362,3362.2,3363,2,1,1,2,3,1,1,3,1,1,3694.8,3023.2
1223321,24582,IH2011,#NAME?,CFFEX,53999.5,3348.2,20201023,36744,3350.2,1,3350.8,2,33342,37100877180,3350.2,3349,3348,3347.2,3347,3350.8,3351.4,3351.6,3352.4,3353,1,1,1,2,1,2,3,1,1,1,3695.4,3023.8
1247443,24122,IH2011,#NAME?,CFFEX,54000,3292.2,20201026,33005,3291.6,1,3292.6,3,30438,32653069440,3291.6,3291.2,3291,3290.6,3290.4,3292.6,3293,3293.4,3293.6,3293.8,1,3,1,1,1,3,7,1,1,2,3684.4,3014.8
1269312,21868,IH2011,#NAME?,CFFEX,53999.7,3287.6,20201027,24145,3287.4,1,3288,4,29305,23781350100,3287.4,3286.8,3286.4,3286.2,3286,3288,3288.4,3288.6,3289,3290,1,1,2,1,2,4,6,3,4,1,3619.6,2961.6
1293879,24567,IH2011,#NAME?,CFFEX,53999.1,3309.2,20201028,29699,3308.8,6,3309.2,2,29928,29372771040,3308.8,3307.8,3307.6,3307.4,3307.2,3309.2,3309.4,3309.6,3309.8,3310,6,2,11,7,5,2,6,4,7,20,3612.8,2956
1318125,24246,IH2011,#NAME?,CFFEX,53999.6,3328.4,20201029,33784,3328.2,3,3328.4,3,30207,33506060100,3328.2,3326.6,3326,3325.8,3325,3328.4,3329,3329.8,3330,3330.4,3,1,2,8,6,3,2,1,3,1,3640.4,2978.8
1340019,21893,IH2011,#NAME?,CFFEX,53999.5,3272,20201030,33722,3273.2,1,3275,7,29823,33382579500,3273.2,3272,3271.8,3271.2,3271,3275,3275.2,3275.8,3276,3276.8,1,24,2,2,3,7,2,1,6,1,3668.8,3002
1361071,21051,IH2011,#NAME?,CFFEX,53999.8,3263.6,20201102,30250,3262.4,1,3263.6,2,28896,29678274180,3262.4,3262,3261.8,3261.4,3261,3263.6,3264.4,3264.6,3265,3265.6,1,4,6,1,2,2,1,1,2,2,3599.4,2945
1382029,20957,IH2011,#NAME?,CFFEX,53999.8,3297.6,20201103,32613,3297.8,1,3300,4,29023,32286194580,3297.8,3296,3295.2,3295,3294.8,3300,3300.2,3300.4,3301,3301.2,1,2,1,3,1,4,1,2,3,1,3585.2,2933.6
1406710,24681,IH2011,#NAME?,CFFEX,53999.7,3324.8,20201104,30838,3324.4,1,3324.6,1,27362,30667493460,3324.4,3324.2,3324,3323.8,3323.6,3324.6,3325,3325.6,3325.8,3326,1,4,5,3,1,1,1,2,6,9,3631.4,2971.4
1431197,24487,IH2011,#NAME?,CFFEX,53999.8,3364.2,20201105,30733,3363.8,5,3364.8,2,28558,30997861740,3363.8,3363.4,3363.2,3363,3362.8,3364.8,3365,3365.2,3365.6,3365.8,5,2,1,5,3,2,5,1,1,2,3658.8,2993.6
1453424,22226,IH2011,#NAME?,CFFEX,53999.9,3354.8,20201106,26447,3354,1,3355,1,27082,26602520520,3354,3353.8,3353.2,3353,3352.8,3355,3355.2,3355.6,3355.8,3356,1,1,3,2,2,1,2,1,2,4,3698.2,3025.8
1477986,24562,IH2011,#NAME?,CFFEX,53999.9,3414.8,20201109,31376,3414.8,1,3415.8,1,27226,32069724540,3414.8,3414.6,3414.2,3414,3413.8,3415.8,3416.6,3417,3417.6,3417.8,1,2,2,1,4,1,4,4,1,4,3682,3012.8
1501945,23959,IH2011,#NAME?,CFFEX,53999.8,3411.6,20201110,27612,3412.4,1,3412.8,3,25971,28354741140,3412.4,3411.6,3411.4,3411.2,3411,3412.8,3413.2,3413.4,3413.8,3414.2,1,2,1,5,5,3,3,1,3,3,3754.4,3072
1525385,23439,IH2011,#NAME?,CFFEX,53999.6,3415.4,20201111,26596,3415.4,1,3416,4,26216,27286893300,3415.4,3414.8,3413,3412.8,3412.4,3416,3416.2,3417,3417.2,3417.4,1,1,5,1,1,4,3,4,1,1,3750.6,3069
1549333,23948,IH2011,#NAME?,CFFEX,54000,3394.6,20201112,26370,3394.2,4,3394.6,1,24253,26883917280,3394.2,3394,3393.8,3393.4,3393,3394.6,3394.8,3395,3395.4,3395.6,4,1,1,2,1,1,1,2,2,3,3758.6,3075.4
1573004,23671,IH2011,#NAME?,CFFEX,54000,3334.6,20201113,30483,3335.6,1,3335.8,1,26128,30511697640,3335.6,3335.2,3334,3333.4,3333.2,3335.8,3336,3336.2,3337.2,3337.6,1,1,1,2,1,1,1,1,1,2,3732.8,3054.4
1595523,22519,IH2011,#NAME?,CFFEX,53999.7,3379.2,20201116,23263,3379,2,3379.2,3,21926,23437886280,3379,3376.6,3376.4,3376.2,3376,3379.2,3379.4,3379.6,3379.8,3380,2,1,5,2,1,3,2,1,2,5,3662.4,2996.8
1616087,20563,IH2011,#NAME?,CFFEX,53999.1,3376.6,20201117,22616,3376.6,1,3377.2,1,19508,22890011040,3376.6,3376.4,3376.2,3376,3375.2,3377.2,3378.2,3378.4,3379.6,3379.8,1,1,2,1,2,1,1,2,2,1,3700,3027.6
1637238,21150,IH2011,#NAME?,CFFEX,53999.9,3384.2,20201118,23936,3384,3,3386,1,16288,24372683280,3384,3382.2,3381.6,3381.4,3381.2,3386,3387.6,3387.8,3388,3388.4,3,1,1,1,1,1,3,1,2,1,3707.6,3033.6
1681641,20856,IH2012,#REF!,CFFEX,53999.9,3411,20201120,26766,3411,5,3411.4,2,44029,27328605480,3411,3410.8,3410.6,3410,3409.6,3411.4,3411.6,3412.2,3412.4,3413,5,1,3,3,3,2,2,4,2,2,3747.6,3066.4
1706918,25277,IH2012,#NAME?,CFFEX,53999.7,3469.6,20201123,39379,3469.6,1,3470,5,49403,40805658780,3469.6,3469.2,3467.6,3467.2,3467,3470,3470.4,3470.6,3470.8,3471,1,2,3,3,7,5,4,10,6,4,3749.4,3067.8
1731233,24315,IH2012,#NAME?,CFFEX,53999.9,3445.6,20201124,32509,3445.2,1,3445.6,4,46285,33697065840,3445.2,3445,3444.4,3444.2,3444,3445.6,3446,3446.8,3447,3447.2,1,2,1,1,5,4,1,5,10,2,3815.8,3122.2
1749422,18189,IH2012,#NAME?,CFFEX,54000,3415,20201125,37726,3414.8,1,3415,2,46761,39021843900,3414.8,3414.6,3414.2,3414,3413.6,3415,3415.4,3416.2,3416.8,3417,1,2,1,2,2,2,1,16,1,1,3793,3103.4
1769367,19944,IH2012,#NAME?,CFFEX,54000,3445,20201126,34046,3444.6,1,3445.2,2,45942,35032800000,3444.6,3444.4,3444.2,3444,3443.8,3445.2,3445.4,3445.6,3445.8,3446,1,2,2,6,3,2,1,2,2,8,3763,3079
1789982,20614,IH2012,#NAME?,CFFEX,53999.7,3510.8,20201127,42658,3510.6,1,3511.6,1,49883,44401008480,3510.6,3510.2,3510,3509.8,3509.4,3511.6,3512,3512.4,3512.6,3514.2,1,2,3,1,4,1,6,1,1,1,3781.8,3094.2
1816597,26615,IH2012,#NAME?,CFFEX,53999.6,3473.2,20201130,60369,3473.2,2,3473.6,1,57126,64117645620,3473.2,3473,3472.8,3472.6,3472.4,3473.6,3473.8,3474.2,3474.4,3474.6,2,6,2,3,5,1,4,1,1,1,3839.2,3141.2
1840394,23796,IH2012,#NAME?,CFFEX,53999.6,3562.8,20201201,50763,3562.2,1,3563.8,2,51248,53715989940,3562.2,3562,3561.6,3561.4,3561,3563.8,3564,3564.4,3564.8,3565.2,1,2,4,10,1,2,18,1,3,1,3839,3141
1860880,20486,IH2012,#NAME?,CFFEX,53999.9,3548.8,20201202,43383,3547,3,3548.8,1,49780,46214092920,3547,3546.6,3546.4,3546.2,3546,3548.8,3549,3549.2,3549.8,3550,3,2,11,1,4,1,1,2,3,3,3909.8,3199
1886660,25780,IH2012,#NAME?,CFFEX,54000,3541.2,20201203,37452,3541,1,3541.8,1,47551,39799737960,3541,3540.4,3540,3539.8,3539.4,3541.8,3542.6,3543,3543.6,3543.8,1,3,3,2,2,1,2,1,1,3,3910.4,3199.6
1912621,25961,IH2012,#NAME?,CFFEX,53999.8,3549.2,20201204,37519,3549.6,1,3549.8,2,47728,39731419020,3549.6,3549.2,3548.8,3548.2,3547.4,3549.8,3550,3550.2,3550.4,3550.6,1,7,1,13,1,2,6,1,2,2,3897.8,3189.4
1937957,25336,IH2012,#NAME?,CFFEX,53999.9,3514.2,20201207,36869,3515,2,3516.4,1,45678,38904712620,3515,3514.8,3514.2,3514,3513.6,3516.4,3516.8,3517,3517.2,3517.4,2,3,2,2,1,1,8,5,2,2,3898,3189.6
1963005,25048,IH2012,#NAME?,CFFEX,53999.9,3502.8,20201208,34109,3502.4,105,3503,2,44936,35955930240,3502.4,3502,3501.8,3501.2,3501,3503,3503.8,3504.2,3504.4,3504.6,105,2,1,1,3,2,1,1,2,1,3868.2,3165
1988864,25859,IH2012,#NAME?,CFFEX,53999.3,3473.2,20201209,38506,3473.2,97,3477.6,2,45118,40471224720,3473.2,3472.6,3472.4,3472,3471.8,3477.6,3478,3478.2,3478.4,3478.6,97,1,1,2,1,2,7,1,8,2,3858.4,3157.2
2012459,23594,IH2012,#NAME?,CFFEX,53999.9,3461,20201210,32592,3460.2,4,3460.8,2,41204,33909912540,3460.2,3460,3459.8,3459.6,3459.2,3460.8,3462,3462.4,3462.6,3462.8,4,2,1,1,2,2,1,6,2,2,3834,3137.2
2030283,17824,IH2012,#NAME?,CFFEX,53999.5,3430.6,20201211,38416,3428.2,1,3428.6,1,40542,39671082300,3428.2,3428,3427.8,3427.4,3427.2,3428.6,3430.6,3430.8,3431,3431.2,1,2,1,1,1,1,7,2,4,1,3801.2,3110.4
2054717,24434,IH2012,#NAME?,CFFEX,54000,3467.2,20201214,30146,3467,1,3467.2,7,34150,31251825060,3467,3466.8,3466.2,3466,3465.8,3467.2,3467.4,3467.6,3468,3469,1,1,5,3,1,7,1,3,2,3,3762.6,3078.6
2077706,22989,IH2012,#NAME?,CFFEX,53999.6,3472.2,20201215,29228,3472.2,9,3472.4,1,29130,30321629880,3472.2,3471.8,3471.6,3471.4,3471.2,3472.4,3472.6,3472.8,3473,3473.2,9,1,1,1,1,1,3,4,3,1,3811.8,3119
2101091,23385,IH2012,#NAME?,CFFEX,53999.9,3487.2,20201216,25566,3487.2,8,3489.8,3,22295,26718991560,3487.2,3487,3486.2,3486,3485.6,3489.8,3490,3490.4,3490.6,3490.8,8,7,1,1,1,3,8,2,3,1,3820.4,3126
2145090,23068,IH2101,#REF!,CFFEX,53999.7,3516,20201218,31582,3516,4,3517.4,1,34585,33384481740,3516,3515.8,3515.4,3515,3514.6,3517.4,3518,3518.4,3518.6,3518.8,4,3,1,1,1,1,1,3,7,8,3899.8,3191
2169979,24889,IH2101,#NAME?,CFFEX,54000,3525.2,20201221,34365,3524.8,1,3525.6,1,36911,36267641400,3524.8,3524.6,3524.4,3524.2,3524,3525.6,3525.8,3526,3526.6,3526.8,1,1,1,3,10,1,3,3,1,3,3865,3162.6
2194443,24463,IH2101,#NAME?,CFFEX,53999.5,3470.6,20201222,35096,3470.2,1,3470.6,1,35058,36882393780,3470.2,3470,3469.8,3469.6,3469.4,3470.6,3470.8,3471.4,3471.8,3472,1,21,1,1,1,1,1,1,10,7,3878.2,3173.4
2214975,20532,IH2101,#NAME?,CFFEX,53999.7,3495.4,20201223,35323,3495.2,3,3496,7,34208,37035030900,3495.2,3495,3494.8,3494.6,3494.4,3496,3496.4,3496.6,3496.8,3497,3,2,1,2,1,7,2,2,1,7,3824.2,3129
2239496,24521,IH2101,#NAME?,CFFEX,53999.7,3494,20201224,30122,3494,1,3495,5,33013,31592527020,3494,3493.6,3493.2,3493,3492.8,3495,3495.2,3495.4,3495.6,3495.8,1,1,1,2,3,5,4,2,2,1,3840.2,3142.2
2263048,23551,IH2101,#NAME?,CFFEX,53999.6,3522,20201225,31748,3522,1,3522.2,41,33489,33358499580,3522,3521.8,3521.6,3521.2,3521,3522.2,3523,3523.2,3523.4,3523.6,1,1,1,1,1,41,1,1,1,1,3835.2,3138
2287537,24489,IH2101,#NAME?,CFFEX,53999.7,3531.4,20201228,31592,3530,10,3531.6,1,34649,33440696460,3530,3529.8,3529.6,3529.2,3529,3531.6,3532.6,3532.8,3533,3533.4,10,1,3,1,7,1,1,2,9,1,3871,3167.4
2311874,24337,IH2101,#NAME?,CFFEX,53999.6,3525,20201229,28986,3524.4,4,3525.2,12,33108,30705194460,3524.4,3524.2,3524,3523.8,3523.6,3525.2,3525.4,3525.6,3525.8,3526,4,1,4,1,2,12,15,1,4,13,3878.8,3173.6
2336533,24659,IH2101,#NAME?,CFFEX,53999.6,3575.8,20201230,32125,3575.2,3,3576,7,35162,34216494300,3575.2,3575,3574,3573.8,3573.6,3576,3576.2,3576.6,3576.8,3577,3,1,1,1,1,7,10,1,2,1,3876,3171.6
2362168,25635,IH2101,#NAME?,CFFEX,54000,3647,20201231,38733,3646,2,3647,1,38318,42148422480,3646,3645.8,3645.6,3645.4,3645.2,3647,3647.2,3647.6,3647.8,3648,2,2,1,3,3,1,2,3,2,5,3925.2,3211.6
2387544,25376,IH2101,#NAME?,CFFEX,53999.9,3643,20210104,38335,3643,7,3643.2,6,38128,41844482520,3643,3642,3641.8,3641.6,3641.4,3643.2,3643.4,3644.4,3644.8,3645,7,2,2,1,1,6,3,1,2,2,4007.4,3279
2413252,25708,IH2101,#NAME?,CFFEX,53999.7,3678,20210105,36810,3677.4,5,3678,2,35420,40327155540,3677.4,3677.2,3677,3676.8,3676.6,3678,3678.2,3678.4,3678.6,3678.8,5,1,4,4,1,2,9,4,8,7,4016,3286
2439568,26316,IH2101,#NAME?,CFFEX,54000,3734,20210106,40547,3733.8,1,3734,1,36417,45075204120,3733.8,3733.2,3733,3732,3731.6,3734,3734.6,3735,3735.2,3735.4,1,4,1,10,1,1,1,1,7,4,4043.2,3308.4
2466186,26618,IH2101,#NAME?,CFFEX,53999.8,3817.8,20210107,40551,3817.8,1,3818,1,35366,45734715240,3817.8,3817.4,3817.2,3816.2,3816,3818,3818.2,3818.4,3819.4,3819.8,1,3,1,1,1,1,1,1,1,4,4092.6,3348.6
2492755,26569,IH2101,#NAME?,CFFEX,53999.8,3790.4,20210108,40999,3790.4,2,3790.6,1,36104,46715116380,3790.4,3790.2,3790,3788.8,3788,3790.6,3791.6,3792,3793.2,3793.4,2,1,1,1,4,1,1,1,1,3,4157.2,3401.6
2519610,26855,IH2101,#NAME?,CFFEX,54000,3772.4,20210111,40392,3772.2,2,3775,1,33055,46120048380,3772.2,3772,3771.8,3771.6,3771.2,3775,3776,3776.8,3777,3777.4,2,1,2,2,152,1,1,4,3,3,4158.2,3402.2
2546166,26556,IH2101,#NAME?,CFFEX,53999.6,3917,20210112,40268,3917,3,3917.2,4,31808,46276747080,3917,3916.8,3916.6,3916,3915.8,3917.2,3917.6,3917.8,3918,3918.2,3,2,1,17,1,4,1,1,3,1,4156.6,3401
2571544,25378,IH2101,#NAME?,CFFEX,53999.7,3877.2,20210113,39192,3877.2,5,3877.4,4,26011,45794530740,3877.2,3877,3876.8,3876,3875,3877.4,3877.8,3878.2,3878.4,3878.8,5,2,1,3,2,4,1,1,2,1,4276.2,3499
2621943,26144,IH2102,#REF!,CFFEX,53999.9,3817,20210115,40026,3817,1,3818.2,15,31939,46073045220,3817,3816.2,3816,3815.8,3815.2,3818.2,3818.4,3818.6,3819,3819.4,1,85,1,1,1,15,1,1,1,5,4205.2,3440.8
2648007,26064,IH2102,#NAME?,CFFEX,53998.8,3852.4,20210118,37948,3852,2,3852.4,4,29934,43706998020,3852,3850.4,3850,3849.8,3849,3852.4,3852.8,3853,3853.2,3853.4,2,3,5,1,9,4,1,3,1,3,4209.8,3444.6
2674148,26141,IH2102,#NAME?,CFFEX,53999.9,3811,20210119,38764,3811,2,3811.2,2,31965,44613261240,3811,3810.2,3810,3809.2,3808.6,3811.2,3811.6,3811.8,3812,3812.6,2,1,2,1,1,2,17,1,1,1,4240.8,3470
2700254,26106,IH2102,#NAME?,CFFEX,54000,3811,20210120,34746,3811,2,3811.4,2,28386,39798154140,3811,3810.4,3810,3809.4,3809,3811.4,3811.6,3812.4,3813.8,3814.2,2,4,5,1,2,2,1,1,2,1,4185,3424.2
2726757,26503,IH2102,#NAME?,CFFEX,53999.8,3851,20210121,37766,3851,1,3851.6,7,32356,43562356560,3851,3850.6,3850.4,3850.2,3850,3851.6,3852,3852.2,3852.6,3852.8,1,1,1,1,4,7,1,1,1,4,4191.4,3429.4
2752320,25563,IH2102,#NAME?,CFFEX,53999.6,3844.8,20210122,33739,3844,4,3844.6,2,28588,38905772760,3844,3843.8,3843.4,3843,3842.6,3844.6,3845,3845.2,3845.6,3845.8,4,1,1,1,4,2,3,1,1,4,4236,3466
2778616,26296,IH2102,#NAME?,CFFEX,53999.8,3890.8,20210125,39066,3890.6,11,3891.4,14,31459,45289369440,3890.6,3890.2,3890,3889.4,3888.6,3891.4,3891.6,3891.8,3892,3892.2,11,1,2,1,1,14,6,1,2,12,4223.2,3455.6
2804188,25572,IH2102,#NAME?,CFFEX,53999.7,3807.8,20210126,37281,3807.4,1,3807.8,1,29938,42876592800,3807.4,3807.2,3807,3806.6,3806.2,3807.8,3808.2,3808.8,3809,3809.8,1,2,6,1,1,1,2,12,4,2,4269.4,3493.4
2829436,25248,IH2102,#NAME?,CFFEX,53999.6,3810,20210127,31474,3810.2,1,3810.4,1,29996,36005822700,3810.2,3807.8,3807,3806.6,3806.4,3810.4,3810.6,3810.8,3811,3811.8,1,2,1,1,1,1,2,2,1,1,4192.8,3430.8
2855143,25707,IH2102,#NAME?,CFFEX,53999.7,3742.6,20210128,35611,3741.2,3,3741.8,1,31464,40042020420,3741.2,3741,3740.8,3740.2,3738.4,3741.8,3742.6,3742.8,3743,3743.2,3,3,2,1,1,1,3,2,2,2,4188,3426.8
2881537,26394,IH2102,#NAME?,CFFEX,53999.6,3719.4,20210129,40184,3718.8,1,3719.4,4,32700,44965958640,3718.8,3718.4,3718,3717.2,3717,3719.4,3719.8,3721,3721.2,3721.4,1,1,1,1,3,4,1,3,3,3,4109.2,3362.4
2906831,25294,IH2102,#NAME?,CFFEX,53999.6,3741,20210201,29290,3740.4,2,3741.8,9,27650,32740344960,3740.4,3740.2,3740,3739.2,3739,3741.8,3742,3742.4,3742.6,3742.8,2,2,2,1,2,9,20,1,1,1,4073.2,3332.8
2931273,24442,IH2102,#NAME?,CFFEX,53999.7,3756.8,20210202,26968,3756.4,1,3756.8,1,28228,30361693620,3756.4,3756.2,3756,3755.6,3755.4,3756.8,3757.6,3757.8,3758,3758.2,1,6,6,7,1,1,2,1,14,3,4110.6,3363.4
2956533,25260,IH2102,#NAME?,CFFEX,54000,3772.4,20210203,28090,3772.2,3,3772.4,1,27170,31742474580,3772.2,3771.4,3771.2,3771,3770.2,3772.4,3772.6,3772.8,3773,3773.2,3,1,1,2,2,1,1,1,4,1,4133.4,3382.2
2982210,25677,IH2102,#NAME?,CFFEX,53999.9,3791.2,20210204,34740,3791.2,1,3791.6,18,29859,39417786900,3791.2,3791,3790.6,3790.4,3790.2,3791.6,3792,3792.8,3793,3793.8,1,3,1,2,1,18,7,2,5,1,4148.6,3394.6
3007740,25529,IH2102,#NAME?,CFFEX,53999.8,3841.2,20210205,35122,3840.8,1,3841.6,1,28024,40433693460,3840.8,3840,3839.4,3839.2,3838.8,3841.6,3841.8,3842,3842.2,3842.4,1,1,1,3,1,1,1,2,2,2,4169,3411
3032537,24797,IH2102,#NAME?,CFFEX,53999.6,3868.6,20210208,32184,3868.8,1,3869.6,6,24538,37292936160,3868.8,3868.6,3868.2,3868,3867.8,3869.6,3870,3870.2,3870.4,3870.6,1,3,7,8,2,6,5,1,1,14,4229.8,3461
3057086,24549,IH2102,#NAME?,CFFEX,53999.9,3940,20210209,28877,3941.8,1,3942.8,5,21862,33761814900,3941.8,3940,3939.8,3939.6,3939.4,3942.8,3943.4,3944.4,3945,3945.6,1,4,2,2,2,5,1,1,14,1,4262.4,3487.6
3081253,24167,IH2102,#NAME?,CFFEX,53999.7,4019.2,20210210,27475,4019.2,1,4020.4,9,19349,32886310380,4019.2,4018.6,4018,4015.6,4015.2,4020.4,4021,4021.2,4021.4,4021.6,1,2,1,1,4,9,1,1,13,1,4323.2,3537.2
3132340,25898,IH2103,#REF!,CFFEX,53999.8,4001,20210219,37236,4000.8,1,4002,1,47801,44548322880,4000.8,4000.4,4000.2,4000,3999.8,4002,4002.2,4002.4,4002.6,4002.8,1,1,4,8,1,1,2,1,2,1,4391.2,3592.8
3159251,26911,IH2103,#NAME?,CFFEX,53999.7,3880.4,20210222,49150,3876,1,3877,1,52050,58007093040,3876,3875.4,3875.2,3875,3874.8,3877,3878.2,3880,3881,3881.2,1,1,1,6,1,1,2,1,2,1,4403.8,3603.4
3185470,26219,IH2103,#NAME?,CFFEX,54000,3886.6,20210223,44700,3886.2,1,3886.8,1,50219,52357908900,3886.2,3886,3885.8,3885.2,3885,3886.8,3888,3888.2,3888.4,3888.6,1,1,1,2,3,1,3,2,1,21,4275.6,3498.4
3213051,27581,IH2103,#NAME?,CFFEX,53999.9,3798.4,20210224,49035,3798.2,1,3798.6,4,52758,56512251120,3798.2,3798,3797.8,3797.6,3797.4,3798.6,3798.8,3799,3799.2,3799.4,1,1,1,2,1,4,6,1,30,1,4271,3494.6
3239763,26712,IH2103,#NAME?,CFFEX,53999.6,3853,20210225,42183,3852.8,1,3853,6,50385,48648686460,3852.8,3852.6,3852.4,3852,3851.2,3853,3853.4,3853.8,3854,3854.4,1,6,7,5,1,6,2,1,4,1,4175.2,3416.4
3266388,26625,IH2103,#NAME?,CFFEX,53999.8,3755,20210226,49336,3754.2,1,3756,2,53324,55971028680,3754.2,3752.2,3752,3751.8,3751.2,3756,3757,3757.2,3757.8,3758,1,1,2,3,4,2,1,1,1,1,4223,3455.4
3292133,25745,IH2103,#NAME?,CFFEX,53999.7,3782.4,20210301,36350,3782,34,3782.2,1,48708,41134942620,3782,3781.8,3781.4,3781.2,3781,3782.2,3782.4,3782.8,3783,3783.4,34,3,1,3,4,1,3,2,4,1,4146.6,3393
3319108,26975,IH2103,#NAME?,CFFEX,53999.9,3709.4,20210302,48586,3709.2,1,3709.4,3,51993,54478342620,3709.2,3709,3708.8,3708.6,3708.2,3709.4,3709.6,3709.8,3710,3710.4,1,12,1,1,1,3,34,1,5,1,4156.2,3400.6
3345496,26388,IH2103,#NAME?,CFFEX,53999.8,3809.2,20210303,43173,3809,3,3809.6,7,46854,48818161860,3809,3808.4,3808,3807.8,3807.4,3809.6,3809.8,3810,3810.2,3810.6,3,1,1,1,2,7,1,6,6,2,4071.8,3331.8
3371986,26490,IH2103,#NAME?,CFFEX,53999.6,3705.6,20210304,50267,3705,2,3705.2,3,51154,56187136440,3705,3704.2,3704,3703.8,3703.4,3705.2,3709.8,3710,3711.2,3711.4,2,3,2,2,1,3,1,7,1,1,4180,3420
3398420,26433,IH2103,#NAME?,CFFEX,53999.8,3689.8,20210305,52510,3688.2,5,3690,21,49215,57846783540,3688.2,3687.2,3687,3686.8,3686.6,3690,3690.4,3691,3691.6,3691.8,5,2,19,1,1,21,3,1,14,3,4071.8,3331.8
3424844,26423,IH2103,#NAME?,CFFEX,53999.6,3553.6,20210308,50679,3553,2,3554.8,2,49090,55379207760,3553,3552,3551.8,3551.2,3550.8,3554.8,3555.2,3555.4,3555.6,3556,2,1,1,1,1,2,1,1,1,9,4064.2,3325.4
3452234,27390,IH2103,#NAME?,CFFEX,53999.7,3510.2,20210309,63353,3509.8,3,3510,1,53190,67461773160,3509.8,3509,3508,3507.8,3507.6,3510,3511,3511.2,3511.4,3511.6,3,3,1,1,1,1,10,1,2,1,3931,3216.6
3479146,26912,IH2103,#NAME?,CFFEX,53999.6,3527.4,20210310,46570,3527,1,3527.4,11,44698,49508533380,3527,3526,3525.2,3525,3524.2,3527.4,3528.4,3528.6,3529.6,3530,1,1,1,9,2,11,2,4,3,1,3872.8,3168.8
3506046,26900,IH2103,#NAME?,CFFEX,53999.8,3622.2,20210311,47193,3621,3,3623,19,46870,50964874920,3621,3620,3619.8,3619.2,3619,3623,3623.8,3624,3624.2,3624.4,3,1,3,1,1,19,1,1,1,3,3891.8,3184.2
3532535,26489,IH2103,#NAME?,CFFEX,54000,3618.2,20210312,40137,3618.2,1,3618.4,1,40629,43523336340,3618.2,3617.4,3617.2,3617,3616.8,3618.4,3618.8,3619,3619.2,3620,1,1,1,2,1,1,6,2,2,5,3963.4,3243
3559225,26690,IH2103,#NAME?,CFFEX,53999.6,3564.4,20210315,42441,3563.4,2,3564.6,1,42120,45490797420,3563.4,3562.4,3562.2,3562,3561,3564.6,3566.2,3566.6,3566.8,3567,2,2,1,2,3,1,1,1,2,4,3978.4,3255.2
3585164,25939,IH2103,#NAME?,CFFEX,53999.8,3588,20210316,37782,3587.2,2,3588.6,1,32792,40599774600,3587.2,3587,3586.6,3586.4,3586,3588.6,3588.8,3589,3589.6,3589.8,2,3,1,1,2,1,3,3,1,1,3903.2,3193.6
3611134,25970,IH2103,#NAME?,CFFEX,53999.1,3576.4,20210317,36774,3576,2,3576.4,1,29656,39447644220,3576,3575.8,3575.2,3575,3574.8,3576.4,3576.8,3577,3577.2,3577.4,2,2,6,3,1,1,1,3,3,7,3943.8,3227
3661337,25979,IH2104,#REF!,CFFEX,54000,3472.6,20210319,42671,3472,9,3473.2,3,41173,44771153340,3472,3471,3470.4,3470,3469.8,3473.2,3473.8,3474,3474.6,3475,9,9,2,3,2,3,1,8,2,7,3919.4,3207
3686868,25531,IH2104,#NAME?,CFFEX,53999.8,3510,20210322,36076,3510,4,3510.4,1,37033,37916088660,3510,3509.4,3509.2,3509,3508,3510.4,3510.8,3511,3511.2,3511.6,4,3,1,1,3,1,3,2,2,2,3811.4,3118.6
3713686,26818,IH2104,#NAME?,CFFEX,53999.8,3501.2,20210323,41507,3500.4,1,3501.4,1,42337,43490984280,3500.4,3500.2,3500,3499.8,3499.6,3501.4,3501.8,3502,3502.2,3502.4,1,1,8,1,2,1,1,4,3,2,3855,3154.2
3740303,26617,IH2104,#NAME?,CFFEX,53999.7,3462,20210324,41129,3461.6,6,3462,3,40393,42850850640,3461.6,3461.4,3461.2,3460.4,3459.8,3462,3462.4,3462.8,3463,3463.4,6,1,1,1,1,3,2,13,2,5,3834.6,3137.4
3766031,25728,IH2104,#NAME?,CFFEX,53999.6,3455.8,20210325,34812,3455,3,3456.4,1,39854,36070602360,3455,3454.8,3454.6,3454.4,3454.2,3456.4,3456.8,3457,3457.2,3457.4,3,2,1,3,6,1,1,2,2,1,3799.4,3108.6
3791965,25934,IH2104,#NAME?,CFFEX,53999.9,3516,20210326,36465,3515.6,1,3516,10,38952,38315341080,3515.6,3515.4,3515.2,3515,3514.8,3516,3516.2,3516.4,3516.8,3517.2,1,1,1,4,3,10,11,1,2,1,3797.8,3107.4
3817550,25585,IH2104,#NAME?,CFFEX,54000,3516.6,20210329,35222,3516.6,2,3516.8,15,37786,37260026280,3516.6,3516.4,3516.2,3516,3515.8,3516.8,3517,3517.2,3517.4,3517.8,2,2,5,6,1,15,4,5,1,1,3872.4,3168.4
3842758,25208,IH2104,#NAME?,CFFEX,53999.8,3556.2,20210330,34211,3556,4,3557.8,2,38901,36337361100,3556,3555.8,3555.4,3555.2,3555,3557.8,3558,3558.2,3558.4,3558.6,4,1,1,11,7,2,10,11,2,4,3871.2,3167.6
3867994,25236,IH2104,#NAME?,CFFEX,53999.6,3522.4,20210331,35466,3522,23,3522.4,3,38463,37407686940,3522,3521.6,3521.4,3521.2,3521,3522.4,3522.6,3522.8,3523.2,3523.4,23,1,6,2,16,3,1,2,2,1,3905.4,3195.4
3892931,24937,IH2104,#NAME?,CFFEX,53999.6,3572.6,20210401,34476,3572.2,4,3572.6,2,37252,36737747940,3572.2,3572,3571.8,3571.6,3571.4,3572.6,3572.8,3573,3573.4,3573.6,4,1,2,3,2,2,15,3,3,2,3865.4,3162.6
3917758,24827,IH2104,#NAME?,CFFEX,53999.7,3605.2,20210402,31683,3603,2,3603.8,2,35943,34096049340,3603,3602.4,3601.4,3601.2,3601,3603.8,3605,3605.2,3605.4,3605.6,2,1,1,1,1,2,1,1,1,2,3922.2,3209.4
3942571,24813,IH2104,#NAME?,CFFEX,53999.8,3571.6,20210406,32890,3570.8,4,3571.6,2,35627,35297953920,3570.8,3570.4,3570.2,3570,3569.8,3571.6,3572,3572.8,3573,3573.2,4,1,6,2,2,2,3,1,1,7,3954.8,3236
3966876,24305,IH2104,#NAME?,CFFEX,53999.7,3540.4,20210407,33576,3540.4,3,3541.2,1,36038,35659441140,3540.4,3540.2,3540,3539.6,3539,3541.2,3541.4,3541.8,3542,3542.2,3,6,3,1,4,1,1,2,4,1,3930.8,3216.4
3991657,24781,IH2104,#NAME?,CFFEX,53999.8,3563,20210408,33460,3563.4,1,3563.6,1,35857,35643620400,3563.4,3563,3562.8,3562.6,3562,3563.6,3563.8,3564,3564.2,3564.8,1,7,2,1,1,1,6,14,1,1,3892.8,3185.2
4015240,23582,IH2104,#NAME?,CFFEX,54000,3508.2,20210409,34625,3507.6,1,3508.2,1,36599,36525764580,3507.6,3507.4,3507,3506.6,3506.4,3508.2,3508.6,3510,3510.6,3511,1,1,2,1,2,1,1,2,1,14,3920.6,3207.8
4040091,24851,IH2104,#NAME?,CFFEX,53999.7,3483,20210412,36521,3482.4,2,3483.4,1,35201,38204268000,3482.4,3482.2,3482,3481.8,3481,3483.4,3483.6,3483.8,3484,3484.2,2,2,3,3,10,1,1,1,3,2,3857,3155.8
4065479,25388,IH2104,#NAME?,CFFEX,53999.6,3468,20210413,36749,3468,1,3468.2,1,30961,38378371620,3468,3467.8,3467.2,3467,3466.8,3468.2,3470.4,3470.8,3471,3471.4,1,2,2,1,4,1,5,9,1,1,3823.8,3128.6
4090227,24748,IH2104,#NAME?,CFFEX,54000,3471.2,20210414,31063,3471.2,2,3471.8,21,26102,32362432800,3471.2,3471,3470.2,3470,3468,3471.8,3472,3472.2,3473,3473.2,2,6,1,3,1,21,2,1,1,28,3807.6,3115.6
4138730,25220,IH2105,#REF!,CFFEX,54000,3436.4,20210416,35486,3436.4,4,3436.8,2,34224,36402279180,3436.4,3436,3435.8,3435.6,3435.4,3436.8,3437.2,3437.4,3437.6,3437.8,4,2,1,2,1,2,1,18,1,1,3746.6,3065.4
4163614,24883,IH2105,#NAME?,CFFEX,53999.7,3507.4,20210419,39287,3505.6,1,3507.4,2,36124,40946983920,3505.6,3505.2,3505,3504.8,3504.6,3507.4,3508,3508.6,3508.8,3509,1,2,3,1,1,2,1,1,5,5,3780.6,3093.4
4188190,24576,IH2105,#NAME?,CFFEX,54000,3498,20210420,32240,3497.6,9,3498,3,34851,33872362140,3497.6,3497.4,3497.2,3497,3496.8,3498,3498.8,3499,3499.2,3499.6,9,1,5,4,1,3,5,1,1,23,3855.6,3154.8
4213069,24879,IH2105,#NAME?,CFFEX,53999.2,3499.6,20210421,30933,3499.2,4,3501,8,33428,32427157140,3499.2,3499,3498.8,3498.6,3498.4,3501,3501.2,3501.6,3501.8,3502,4,1,1,4,2,8,2,2,22,1,3850.4,3150.4
4237364,24295,IH2105,#NAME?,CFFEX,53999.9,3476,20210422,36496,3476.2,1,3476.4,7,36841,38070751320,3476.2,3474.6,3474,3473.8,3473.6,3476.4,3476.6,3476.8,3477,3477.4,1,9,1,2,1,7,2,6,4,2,3851.8,3151.8
4261913,24549,IH2105,#NAME?,CFFEX,53999.6,3515.6,20210423,36605,3515,1,3516.8,4,34195,38469492960,3515,3514.8,3514.6,3514.4,3514.2,3516.8,3517.2,3517.4,3517.6,3517.8,1,21,1,16,1,4,1,6,2,12,3815.6,3122
4287963,26050,IH2105,#NAME?,CFFEX,53999.8,3451,20210426,43643,3452,2,3454,1,39791,45858705240,3452,3451,3450.2,3450,3449.8,3454,3454.2,3454.4,3454.6,3454.8,2,4,1,2,1,1,21,4,1,1,3860.2,3158.6
4312091,24128,IH2105,#NAME?,CFFEX,53999.6,3466.8,20210427,29830,3466.4,4,3466.8,9,35462,30929524800,3466.4,3466,3465,3464.6,3464.4,3466.8,3467.4,3467.6,3467.8,3468,4,2,1,2,2,9,1,8,3,12,3805.2,3113.6
4336949,24858,IH2105,#NAME?,CFFEX,53999.9,3467.2,20210428,36185,3465.8,2,3466.6,1,39704,37378821720,3465.8,3465.6,3465.4,3465.2,3465,3466.6,3467.2,3467.4,3467.6,3467.8,2,4,3,3,1,1,2,1,1,2,3811.6,3118.8
4361795,24846,IH2105,#NAME?,CFFEX,53999.6,3518.4,20210429,37430,3518.4,2,3518.8,5,37310,39274230000,3518.4,3516.8,3516.6,3515.6,3515.4,3518.8,3519,3519.4,3519.6,3519.8,2,1,1,4,3,5,3,6,2,8,3799.8,3109
4386619,24824,IH2105,#NAME?,CFFEX,54000,3482.6,20210430,36600,3482,2,3482.8,2,39471,38363769480,3482,3481.6,3481.4,3481.2,3481,3482.8,3483,3484,3484.4,3484.6,2,6,1,2,5,2,7,1,1,1,3859.8,3158.2
4412131,25512,IH2105,#NAME?,CFFEX,53999.7,3445.6,20210506,39395,3445.2,2,3445.4,3,41989,40968713280,3445.2,3444.8,3444,3443.6,3443.4,3445.4,3446.2,3446.4,3446.8,3447,2,1,1,1,1,3,2,1,4,4,3833.4,3136.6
4437054,24923,IH2105,#NAME?,CFFEX,53999.7,3398.4,20210507,37378,3398,9,3398.4,2,40801,38476802220,3398,3397.2,3397,3396.6,3396.4,3398.4,3398.6,3398.8,3399,3399.8,9,1,2,3,3,2,2,8,9,2,3791,3101.8
4461907,24853,IH2105,#NAME?,CFFEX,53999.6,3400,20210510,32804,3399.8,1,3400,1,38644,33381969600,3399.8,3399,3398.4,3398,3397.6,3400,3403.4,3404,3404.2,3404.6,1,6,1,2,1,1,1,1,1,2,3740.2,3060.2
4487064,25157,IH2105,#NAME?,CFFEX,53999.7,3433.4,20210511,37421,3433.4,1,3436,5,38490,38225956740,3433.4,3432.8,3432.6,3432,3431,3436,3436.4,3436.8,3437,3437.2,1,2,1,2,1,5,2,2,13,1,3729,3051
4511947,24883,IH2105,#NAME?,CFFEX,54000,3446.8,20210512,31678,3446.8,8,3447,1,34330,32687565660,3446.8,3446.6,3446.2,3446,3445.6,3447,3447.6,3448,3448.2,3448.4,8,3,4,1,1,1,1,1,1,1,3778,3091.2
4536629,24682,IH2105,#NAME?,CFFEX,53999.7,3415,20210513,34280,3413.8,4,3415,3,37024,35092880280,3413.8,3413.6,3413.2,3413,3412.4,3415,3415.2,3416.2,3416.6,3417,4,1,1,1,4,3,1,1,2,2,3789.2,3100.4
4562405,25776,IH2105,#NAME?,CFFEX,53999.6,3508.8,20210514,40605,3508.6,4,3510,34,33680,42168247560,3508.6,3508.4,3508.2,3508,3507.8,3510,3510.2,3510.6,3510.8,3511.4,4,1,4,10,2,34,1,2,1,20,3751,3069
4586977,24571,IH2105,#NAME?,CFFEX,53999.2,3539.8,20210517,33914,3538.2,1,3540.4,1,30671,36038806920,3538.2,3537,3536.8,3536.2,3536,3540.4,3540.6,3540.8,3541,3542,1,1,1,1,1,1,1,1,2,2,3853.2,3152.8
4610206,23229,IH2105,#NAME?,CFFEX,53999.8,3536,20210518,24641,3536,2,3537.4,3,24510,26145284520,3536,3535.2,3535,3534,3533.8,3537.4,3538,3538.2,3538.4,3538.6,2,1,12,6,1,3,1,5,1,1,3899.2,3190.4
4633141,22935,IH2105,#NAME?,CFFEX,53999.8,3511.2,20210519,23724,3511.2,3,3511.4,2,20378,24989240760,3511.2,3511,3510.4,3510.2,3510,3511.4,3511.8,3512.6,3512.8,3513,3,3,1,1,1,2,1,4,3,2,3888.6,3181.8
4682511,25695,IH2106,#REF!,CFFEX,53999.9,3461,20210521,45442,3461,5,3462.6,4,57791,47487455220,3461,3460.6,3460.4,3460.2,3460,3462.6,3463,3463.8,3464,3464.2,5,2,3,1,9,4,4,2,2,1,3860.4,3158.8
4708026,25515,IH2106,#NAME?,CFFEX,54000,3480,20210524,38731,3478.8,5,3480,4,54214,40263525840,3478.8,3478.6,3478,3477.8,3477.6,3480,3480.2,3480.4,3480.6,3480.8,5,1,3,1,3,4,4,1,3,5,3809.8,3117.4
4734422,26396,IH2106,#NAME?,CFFEX,53999.7,3639.8,20210525,60464,3640,3,3640.2,2,59654,64794623340,3640,3639.4,3639.2,3639,3638.8,3640.2,3640.4,3641,3641.2,3642,3,1,11,6,4,2,1,1,1,2,3824.4,3129.2
4760089,25667,IH2106,#NAME?,CFFEX,53999.8,3650,20210526,42337,3649.6,1,3651.6,9,54765,46424738760,3649.6,3649,3648.8,3648.4,3648.2,3651.6,3652,3652.4,3653,3653.2,1,4,1,3,1,9,4,10,8,11,3995.2,3268.8
4786322,26233,IH2106,#NAME?,CFFEX,53999.6,3663.4,20210527,49161,3663.4,6,3663.6,3,57748,53956810560,3663.4,3663.2,3663,3662.8,3662.4,3663.6,3664,3664.8,3665,3665.4,6,5,1,1,1,3,1,1,18,1,4015.6,3285.6
4813007,26685,IH2106,#NAME?,CFFEX,53999.9,3650.8,20210528,54200,3649.6,1,3650.2,1,56880,59346632700,3649.6,3649.4,3649.2,3649,3648.8,3650.2,3651.2,3651.6,3651.8,3652,1,1,1,5,1,1,3,1,4,39,4032.6,3299.4
4838424,25416,IH2106,#NAME?,CFFEX,53999.9,3642.2,20210531,43740,3642.2,2,3642.4,2,52679,47538107820,3642.2,3641.4,3641.2,3641,3640.8,3642.4,3642.6,3642.8,3643,3643.2,2,8,1,5,2,2,2,1,6,1,3997.6,3270.8
4864421,25997,IH2106,#NAME?,CFFEX,53999.9,3638,20210601,46101,3637.8,1,3638,21,52136,50111456700,3637.8,3636.4,3636,3635.8,3635.4,3638,3638.2,3638.4,3638.6,3639.6,1,23,6,1,2,21,1,11,1,10,3998.2,3271.4
4890823,26402,IH2106,#NAME?,CFFEX,53999.9,3612,20210602,44521,3610.4,1,3612,117,51187,48250157160,3610.4,3610.2,3610,3609.8,3609.4,3612,3612.6,3612.8,3613,3613.2,1,1,2,1,1,117,3,3,7,4,3997.6,3270.8
4917088,26265,IH2106,#NAME?,CFFEX,53999.6,3580,20210603,45272,3579.6,1,3579.8,1,50848,48939610920,3579.6,3579.4,3579.2,3579,3578.8,3579.8,3580,3580.4,3580.6,3581,1,2,4,2,3,1,3,9,1,2,3967,3245.8
4943631,26543,IH2106,#NAME?,CFFEX,53999.9,3602.6,20210604,56890,3601,2,3602.6,1,53614,61424326800,3601,3600.8,3600.6,3600,3599.4,3602.6,3602.8,3603,3603.2,3603.6,2,1,1,11,1,1,4,8,4,2,3941.6,3225.2
4968713,25082,IH2106,#NAME?,CFFEX,53999.6,3593.4,20210607,36623,3592.4,3,3593.4,1,46304,39369608580,3592.4,3592.2,3591.8,3591.4,3591.2,3593.4,3593.6,3593.8,3594,3594.2,3,2,6,5,2,1,4,6,17,9,3955.8,3236.6
4994196,25483,IH2106,#NAME?,CFFEX,53999.9,3572.8,20210608,48894,3572,8,3573,4,50039,52580408280,3572,3571.4,3571.2,3570.6,3570.4,3573,3573.2,3573.4,3573.6,3573.8,8,1,1,1,3,4,11,5,1,7,3946.8,3229.2
5019989,25793,IH2106,#NAME?,CFFEX,53999.6,3583,20210609,39361,3582.2,3,3583.2,1,43114,42254904900,3582.2,3582,3581.8,3581.6,3581.4,3583.2,3583.4,3583.6,3583.8,3584,3,2,2,1,1,1,1,33,1,2,3924.4,3211.2
5045841,25852,IH2106,#NAME?,CFFEX,53999.6,3601.8,20210610,48966,3599,1,3601.8,3,46409,53035866240,3599,3598.4,3598.2,3598,3597.6,3601.8,3602.6,3603,3603.2,3604,1,1,1,1,5,3,1,6,1,7,3935.2,3220
5071573,25732,IH2106,#NAME?,CFFEX,53999.9,3568.4,20210611,41868,3568.4,3,3569,1,43233,45011916120,3568.4,3568.2,3568,3567.8,3567,3569,3569.6,3569.8,3570,3570.2,3,2,4,5,1,1,1,1,7,2,3961.4,3241.4
5096324,24751,IH2106,#NAME?,CFFEX,53999.6,3521.8,20210615,38563,3520.2,1,3521.8,2,40107,40888409460,3520.2,3519.2,3519,3518.8,3518.2,3521.8,3522.2,3523.4,3524,3524.4,1,1,1,2,1,2,1,2,2,1,3928.4,3214.4
5121995,25671,IH2106,#NAME?,CFFEX,53999.6,3487.8,20210616,35588,3487.8,1,3489.6,1,33595,37401682620,3487.8,3487.4,3486.2,3486,3485.4,3489.6,3490,3490.2,3490.6,3490.8,1,2,6,3,1,1,12,3,1,1,3875,3170.6
5171436,26332,IH2107,#REF!,CFFEX,54000,3423.4,20210618,46646,3423.4,4,3424.2,4,50831,47953235040,3423.4,3422.8,3422,3421.6,3420,3424.2,3424.4,3424.6,3424.8,3425,4,1,2,1,4,4,1,3,3,1,3788.6,3099.8
5197364,25928,IH2107,#NAME?,CFFEX,53999.9,3409.4,20210621,43741,3409.2,1,3410.8,2,48004,44656801680,3409.2,3409,3408.8,3408.4,3408.2,3410.8,3411,3411.2,3411.4,3411.6,1,8,4,4,2,2,6,1,2,1,3771,3085.4
5223187,25823,IH2107,#NAME?,CFFEX,53999.6,3432.8,20210622,43034,3431.8,5,3433,26,49897,44222337240,3431.8,3431.6,3431.2,3431,3430.8,3433,3433.2,3433.4,3433.6,3433.8,5,2,1,7,2,26,2,2,5,2,3740.2,3060.2
5248790,25603,IH2107,#NAME?,CFFEX,53999.8,3438.2,20210623,43531,3438,8,3438.2,1,47003,45035917860,3438,3437.8,3437.6,3437.4,3437.2,3438.2,3438.8,3439,3439.2,3439.6,8,2,2,1,16,1,4,1,2,11,3767.8,3083
5273498,24708,IH2107,#NAME?,CFFEX,53999.8,3463.6,20210624,33688,3463.6,9,3464.2,14,46724,34821492000,3463.6,3463.2,3463,3462.8,3462.6,3464.2,3464.4,3464.6,3464.8,3465,9,4,1,2,4,14,1,5,1,29,3782.6,3095
5299338,25840,IH2107,#NAME?,CFFEX,53999.6,3517,20210625,41520,3516.2,7,3516.4,1,47806,43592385120,3516.2,3516,3515.8,3515.6,3515.4,3516.4,3516.8,3517.2,3517.4,3517.6,7,7,9,2,5,1,1,6,1,3,3803.4,3112.2
5323265,23926,IH2107,#NAME?,CFFEX,53999.8,3498.2,20210628,34222,3498.2,3,3498.6,4,46462,35926122900,3498.2,3498,3497.6,3497.2,3497,3498.6,3499,3499.2,3499.4,3499.6,3,23,2,1,1,4,1,1,4,1,3874.8,3170.4
5347596,24331,IH2107,#NAME?,CFFEX,53999.9,3467,20210629,34250,3467,3,3467.4,2,46341,35711296020,3467,3466.8,3466.2,3466,3465.8,3467.4,3468.2,3468.4,3468.6,3468.8,3,1,1,1,2,2,5,24,3,1,3849.2,3149.6
5371998,24402,IH2107,#NAME?,CFFEX,53999.8,3481.4,20210630,32475,3481.4,4,3481.6,2,45287,33890765700,3481.4,3481.2,3481,3480.6,3480.4,3481.6,3481.8,3482,3482.2,3482.6,4,2,1,4,2,2,1,6,2,14,3817.4,3123.4
5398298,26300,IH2107,#NAME?,CFFEX,53999.7,3470.6,20210701,50735,3468.8,1,3471.8,5,54994,52910568120,3468.8,3468.6,3468.2,3468,3467.2,3471.8,3472,3472.6,3472.8,3473,1,1,3,1,1,5,5,1,9,1,3826.8,3131.2
5423728,25430,IH2107,#NAME?,CFFEX,53999.7,3381,20210702,47912,3381,3,3381.8,3,50878,49110895200,3381,3380.8,3380.2,3380,3379.2,3381.8,3382,3382.6,3382.8,3383,3,3,29,4,1,3,1,1,2,8,3818.8,3124.8
5448169,24441,IH2107,#NAME?,CFFEX,53999.7,3387.4,20210705,34102,3387.2,1,3388.4,3,47986,34610115480,3387.2,3387,3386.8,3386.6,3386.4,3388.4,3389,3389.8,3390,3390.2,1,6,2,3,3,3,18,3,5,1,3726.4,3049.2
5474273,26104,IH2107,#NAME?,CFFEX,53999.2,3400.6,20210706,40848,3400.4,2,3400.8,2,50702,41388474660,3400.4,3400.2,3400,3399.8,3398.2,3400.8,3401,3402,3402.2,3402.6,2,1,5,1,2,2,2,14,1,2,3721.6,3045.2
5500256,25983,IH2107,#NAME?,CFFEX,53999.7,3413.2,20210707,43023,3412.6,1,3413.4,2,48647,43924289280,3412.6,3412.4,3412.2,3412,3411.8,3413.4,3414,3414.2,3414.4,3414.6,1,3,3,5,3,2,5,1,1,2,3724,3047.2
5525879,25623,IH2107,#NAME?,CFFEX,53999.9,3362.2,20210708,41072,3362,1,3362.2,3,50218,41652862920,3362,3361.8,3361,3360.6,3360.4,3362.2,3363.2,3363.4,3364.2,3364.6,1,1,2,1,1,3,1,3,1,2,3759.4,3076.2
5551356,25477,IH2107,#NAME?,CFFEX,53999.9,3350,20210709,42444,3349.6,2,3350.6,2,49152,42584272200,3349.6,3349.2,3349,3348.8,3348.6,3350.6,3351,3351.2,3351.4,3351.6,2,1,1,1,1,2,3,1,3,1,3700,3027.6
5576951,25595,IH2107,#NAME?,CFFEX,53999.8,3377.4,20210712,45104,3377.4,4,3378,1,45294,45737004060,3377.4,3377,3376.8,3376.6,3376.4,3378,3379.2,3379.4,3379.6,3379.8,4,4,6,1,1,1,1,1,1,1,3688.2,3017.8
5601792,24841,IH2107,#NAME?,CFFEX,53999.8,3391,20210713,37841,3389.2,1,3391.2,3,38219,38546031240,3389.2,3389,3388.8,3388.2,3388,3391.2,3392.2,3392.4,3392.6,3392.8,1,1,1,1,3,3,4,30,4,7,3715.2,3040
5626919,25127,IH2107,#NAME?,CFFEX,53999.7,3337.4,20210714,40878,3333.6,2,3337,1,33256,41003857320,3333.6,3332.6,3332.2,3332,3331.4,3337,3337.8,3338,3338.2,3338.4,2,5,1,2,1,1,1,3,2,1,3729.8,3051.8
5676162,24808,IH2108,#REF!,CFFEX,53999.6,3364.4,20210716,38832,3364.4,3,3366,2,40589,39342276540,3364.4,3364.2,3363.8,3363,3362.8,3366,3366.6,3367,3367.2,3367.4,3,6,4,1,2,2,17,3,1,3,3744.4,3063.6
5702206,26044,IH2108,#NAME?,CFFEX,53999.9,3384,20210719,47768,3382.8,4,3384,3,46250,47974084080,3382.8,3382.4,3382.2,3382,3381.8,3384,3384.2,3384.4,3384.8,3385,4,1,1,4,1,3,1,5,1,4,3700,3027.6
5726916,24709,IH2108,#NAME?,CFFEX,53999.6,3370.2,20210720,35696,3370.2,1,3371,1,42744,36060272160,3370.2,3369.6,3369,3368.8,3368.2,3371,3371.8,3372,3372.2,3372.4,1,1,1,1,2,1,1,1,19,1,3717.4,3041.8
5752388,25472,IH2108,#NAME?,CFFEX,53999.7,3380.8,20210721,43780,3380.6,1,3381.4,1,46986,44506147740,3380.6,3380.4,3380.2,3380,3379.8,3381.4,3381.6,3381.8,3382,3382.2,1,2,7,5,4,1,3,9,7,4,3709.6,3035.2
5776291,23903,IH2108,#NAME?,CFFEX,53999.6,3388.6,20210722,35582,3388.4,1,3388.6,2,42536,36243385020,3388.4,3387.6,3387.4,3387.2,3387,3388.6,3388.8,3389,3389.2,3389.4,1,9,1,6,2,2,6,5,5,1,3724.2,3047.4
5801385,25094,IH2108,#NAME?,CFFEX,53999.8,3349,20210723,39854,3349.8,1,3350,5,46605,40212528480,3349.8,3349.2,3349,3348.8,3348.4,3350,3350.6,3350.8,3351,3351.2,1,2,3,2,1,5,1,4,5,3,3727.6,3050
5827981,26596,IH2108,#NAME?,CFFEX,53999.9,3220.4,20210726,53472,3220.4,1,3220.6,1,53154,52200292560,3220.4,3220.2,3220,3219.6,3219.2,3220.6,3221.8,3222,3222.2,3222.4,1,1,3,2,2,1,2,3,1,2,3687.6,3017.2
5854770,26789,IH2108,#NAME?,CFFEX,54000,3116.8,20210727,53056,3116.8,1,3117.2,1,52896,50778837900,3116.8,3116.6,3116.2,3116,3115.8,3117.2,3117.4,3117.8,3118,3118.2,1,2,6,1,3,1,2,1,2,1,3538.2,2895
5881283,26513,IH2108,#NAME?,CFFEX,54000,3147.8,20210728,55695,3147.8,1,3148,2,52182,52420053540,3147.8,3147,3146.8,3146.4,3146.2,3148,3148.2,3148.4,3148.6,3148.8,1,5,2,1,1,2,2,1,2,7,3460.8,2831.6
5907346,26063,IH2108,#NAME?,CFFEX,53999.8,3170.2,20210729,45293,3170,11,3170.2,1,46685,43091777880,3170,3169.6,3169.4,3169.2,3168.8,3170.2,3170.6,3170.8,3171,3171.4,11,1,2,5,1,1,1,1,2,1,3469.8,2839
5932476,25130,IH2108,#NAME?,CFFEX,53999.8,3120.6,20210730,47351,3120.4,1,3121.8,1,49712,44414845260,3120.4,3120.2,3120,3119.8,3119.6,3121.8,3122,3122.2,3122.6,3123,1,7,14,1,3,1,2,1,1,7,3486.4,2852.8
5959226,26750,IH2108,#NAME?,CFFEX,53999.9,3198.2,20210802,55813,3196.8,1,3198.2,1,49315,52867616220,3196.8,3196.6,3196.4,3196.2,3196,3198.2,3198.4,3198.6,3198.8,3199.2,1,1,2,4,1,1,2,23,1,1,3439.2,2814
5984406,25180,IH2108,#NAME?,CFFEX,53999.8,3216.2,20210803,43234,3216,1,3216.4,1,43774,41509226760,3216,3215.8,3215.6,3215.4,3215.2,3216.4,3216.6,3216.8,3217,3217.2,1,2,2,4,11,1,4,1,4,6,3520,2880
6009177,24771,IH2108,#NAME?,CFFEX,53999.6,3208,20210804,38438,3208.2,1,3208.4,1,42539,37051504740,3208.2,3207.2,3207,3206.8,3206.6,3208.4,3208.6,3208.8,3209,3209.6,1,13,8,1,2,1,4,8,14,3,3536.2,2893.4
6033923,24746,IH2108,#NAME?,CFFEX,53999.9,3198,20210805,41163,3198,3,3198.2,3,44249,39688571040,3198,3197.8,3197.6,3197,3196.8,3198.2,3198.4,3199.6,3200,3200.6,3,4,6,1,1,3,1,3,3,2,3533.6,2891.2
6057837,23914,IH2108,#NAME?,CFFEX,53999.8,3187,20210806,36244,3186,3,3187,5,40419,34544756880,3186,3185.8,3185.6,3185.2,3185,3187,3187.2,3187.4,3187.6,3187.8,3,1,1,2,4,5,1,2,1,1,3527.2,2886
6083460,25623,IH2108,#NAME?,CFFEX,53999.8,3212.4,20210809,44084,3212.2,7,3212.4,1,47147,42436667160,3212.2,3212,3211.8,3211.6,3211.4,3212.4,3212.8,3213,3213.4,3213.8,7,4,3,4,3,1,1,5,1,3,3498.4,2862.4
6109564,26104,IH2108,#NAME?,CFFEX,54000,3277.6,20210810,57182,3277.4,1,3278.8,1,46075,55317393780,3277.4,3277.2,3277,3276.8,3276.4,3278.8,3279,3279.2,3279.4,3279.6,1,2,2,1,5,1,3,5,9,1,3537,2894.2
6134723,25159,IH2108,#NAME?,CFFEX,53999.7,3240.8,20210811,42938,3240.4,1,3240.6,7,41026,42001995780,3240.4,3240.2,3240,3239.2,3239,3240.6,3240.8,3241,3241.2,3241.4,1,2,1,2,1,7,6,6,4,1,3590.8,2938
6159221,24498,IH2108,#NAME?,CFFEX,53999.8,3213.4,20210812,31658,3213.2,14,3213.6,1,39040,30634126020,3213.2,3213,3212.6,3212.4,3212,3213.6,3213.8,3214,3214.4,3214.6,14,1,1,1,7,1,4,1,1,4,3568.4,2919.6
6183940,24719,IH2108,#NAME?,CFFEX,53999.6,3212.2,20210813,36412,3211,5,3212.4,1,40269,35042003820,3211,3210.8,3210.6,3210.4,3210,3212.4,3212.6,3212.8,3213,3213.2,5,1,1,2,3,1,2,11,5,1,3537,2894.2
6208370,24430,IH2108,#NAME?,CFFEX,53999.9,3220.8,20210816,38653,3220.8,1,3221,3,37596,37348888680,3220.8,3219.6,3219.4,3219.2,3219,3221,3221.2,3221.8,3222,3222.6,1,3,1,4,1,3,3,1,1,1,3528.2,2887
6234445,26075,IH2108,#NAME?,CFFEX,53999.9,3140.2,20210817,44928,3140.2,2,3141,2,36381,43041991860,3140.2,3139.4,3139.2,3139,3138.6,3141,3141.2,3141.4,3141.6,3141.8,2,1,2,2,1,2,1,7,1,2,3537.8,2894.6
6259602,25157,IH2108,#NAME?,CFFEX,54000,3184.4,20210818,35817,3183.8,1,3184.4,2,27757,34017282180,3183.8,3183.6,3183.4,3183.2,3182.6,3184.4,3185,3185.2,3185.4,3185.6,1,2,2,1,1,2,6,1,11,2,3461.6,2832.4
6313580,27557,IH2109,#REF!,CFFEX,53999.2,3061,20210820,61339,3060.4,1,3061.4,6,76253,56590539120,3060.4,3060.2,3060,3059.6,3059.4,3061.4,3061.6,3061.8,3062,3062.2,1,5,46,1,1,6,4,8,3,3,3441.8,2816.2
6339832,26252,IH2109,#NAME?,CFFEX,53999.7,3091.6,20210823,47846,3090.8,1,3091,1,69272,44336988480,3090.8,3090.2,3090,3089.8,3089.6,3091,3091.8,3092,3092.2,3092.4,1,1,13,1,1,1,18,18,3,2,3367.2,2755.2
6366511,26679,IH2109,#NAME?,CFFEX,53999.7,3139.8,20210824,54251,3139.8,1,3140,9,71044,50957721960,3139.8,3139.6,3139.4,3139.2,3139,3140,3140.4,3140.6,3140.8,3141,1,2,2,2,3,9,1,1,2,8,3397.2,2779.6
6391992,25481,IH2109,#NAME?,CFFEX,53999.9,3145.6,20210825,44055,3145.6,13,3146,1,66114,41569334700,3145.6,3145.4,3145,3144.8,3144.4,3146,3146.2,3146.4,3146.6,3146.8,13,2,5,2,8,1,4,2,21,8,3455.8,2827.8
6417808,25816,IH2109,#NAME?,CFFEX,53999.6,3080.6,20210826,49173,3080.4,2,3081,4,71250,45772550640,3080.4,3080.2,3080,3079.6,3079.4,3081,3082.6,3082.8,3083,3083.2,2,4,4,21,30,4,5,1,2,2,3460.2,2831.4
6443536,25728,IH2109,#NAME?,CFFEX,53999.8,3114,20210827,53584,3114.4,1,3114.6,4,68814,50120630100,3114.4,3113.2,3113,3112.6,3112.4,3114.6,3114.8,3115,3115.2,3115.6,1,1,1,1,1,4,1,3,1,1,3393.2,2776.4
6469881,26345,IH2109,#NAME?,CFFEX,53999.8,3104.6,20210830,53957,3104.6,2,3104.8,21,71355,50217977700,3104.6,3104.4,3104.2,3104,3103.4,3104.8,3105,3105.2,3105.4,3105.6,2,2,4,5,6,21,19,5,20,1,3425.8,2803
6497016,27135,IH2109,#NAME?,CFFEX,53999.8,3094.8,20210831,61191,3094,3,3094.8,3,75831,56582644980,3094,3093.8,3093.6,3093.4,3093.2,3094.8,3095,3095.2,3095.4,3095.6,3,3,1,3,1,3,5,3,1,7,3407.8,2788.2
6524254,27238,IH2109,#NAME?,CFFEX,53999.6,3169.2,20210901,79693,3169.2,1,3169.6,1,77947,74819884440,3169.2,3168.2,3168,3167.8,3167.4,3169.6,3169.8,3170,3170.2,3171,1,2,13,4,2,1,1,17,3,8,3395.8,2778.6
6550287,26032,IH2109,#NAME?,CFFEX,53999.6,3167,20210902,51134,3166.6,3,3167,2,72094,48621138720,3166.6,3166.4,3166.2,3166,3165.8,3167,3167.2,3167.6,3167.8,3168,3,2,10,5,1,2,3,6,1,1,3479.8,2847.4
6577137,26850,IH2109,#NAME?,CFFEX,53999.6,3175.8,20210903,69055,3175,3,3175.8,6,75563,65871765060,3175,3174.8,3174.6,3174.4,3174.2,3175.8,3176,3176.2,3176.6,3176.8,3,8,3,2,3,6,9,2,4,4,3484.2,2851
6603012,25875,IH2109,#NAME?,CFFEX,53999.8,3207.2,20210906,56991,3207.2,2,3207.4,1,68506,54899244540,3207.2,3207,3206.8,3206.6,3206.2,3207.4,3207.8,3208,3208.2,3208.4,2,17,1,9,9,1,3,12,6,1,3498.4,2862.4
6629627,26615,IH2109,#NAME?,CFFEX,53999.7,3247.4,20210907,59985,3247,2,3247.4,12,68127,57992166420,3247,3246.6,3246.4,3246.2,3246,3247.4,3247.8,3248,3248.4,3248.6,2,3,1,1,7,12,1,10,3,5,3533.8,2891.4
6655809,26182,IH2109,#NAME?,CFFEX,54000,3210.8,20210908,50671,3210.6,2,3210.8,1,63734,49059977220,3210.6,3210.4,3210.2,3210,3209.2,3210.8,3211,3211.2,3211.4,3211.6,2,7,2,3,1,1,2,1,7,4,3576.2,2926.2
6681264,25455,IH2109,#NAME?,CFFEX,53999.9,3203.2,20210909,41362,3203.2,4,3203.4,2,61876,39692664420,3203.2,3202.2,3202,3201.8,3201.4,3203.4,3203.6,3203.8,3204,3204.2,4,1,3,2,4,2,15,21,6,1,3533.6,2891.2
6707728,26464,IH2109,#NAME?,CFFEX,53999.8,3256.2,20210910,62027,3256.4,9,3256.6,1,62861,60335505660,3256.4,3256.2,3256,3255.8,3255.6,3256.6,3256.8,3257,3257.2,3257.4,9,2,9,1,5,1,21,6,2,4,3522.6,2882.2
6733600,25872,IH2109,#NAME?,CFFEX,53999.6,3243.8,20210913,49655,3243.8,1,3244,1,52150,48361241340,3243.8,3243,3242.2,3242,3241.8,3244,3244.2,3244.4,3244.6,3244.8,1,13,2,7,2,1,3,5,7,3,3582.2,2931
6760140,26540,IH2109,#NAME?,CFFEX,53999.8,3190.8,20210914,57458,3190,1,3190.2,1,50782,55552542420,3190,3189,3188.8,3188.6,3188.4,3190.2,3191,3191.4,3191.8,3192,1,2,3,1,2,1,4,2,6,7,3562.8,2915.2
6786131,25991,IH2109,#NAME?,CFFEX,53999.8,3149.8,20210915,44686,3149.2,1,3149.4,1,38500,42406881540,3149.2,3149,3148.4,3148.2,3148,3149.4,3149.8,3151,3151.2,3151.6,1,2,2,1,1,1,1,15,22,1,3510,2872
6837349,25631,IH2110,#REF!,CFFEX,53999.3,3168.2,20210917,51761,3168.2,1,3168.4,1,52393,48846868320,3168.2,3167.6,3167.2,3167,3166.8,3168.4,3168.6,3168.8,3169,3169.2,1,3,4,5,6,1,3,5,9,1,3452.8,2825.2
6862903,25554,IH2110,#NAME?,CFFEX,53999.9,3124.8,20210922,48971,3124.4,3,3124.8,3,53711,45827193240,3124.4,3124.2,3124,3123.8,3123.2,3124.8,3125,3125.2,3125.4,3125.6,3,1,2,7,1,3,2,7,4,8,3479.8,2847.4
6887965,25062,IH2110,#NAME?,CFFEX,53999.8,3128.2,20210923,43599,3129.4,1,3129.6,5,53132,41058218640,3129.4,3128.2,3128,3127.8,3127.6,3129.6,3129.8,3130,3130.2,3130.4,1,12,5,102,1,5,10,7,5,3,3435.2,2810.8
6913236,25271,IH2110,#NAME?,CFFEX,53999.3,3154.4,20210924,48326,3154.2,10,3154.6,5,51688,45753922740,3154.2,3153.6,3153.4,3153,3152.8,3154.6,3154.8,3155,3155.2,3155.4,10,1,1,5,1,5,10,5,5,1,3438.2,2813.4
6939566,26330,IH2110,#NAME?,CFFEX,53999.7,3210.8,20210927,58518,3210.8,1,3211.8,1,53582,56097443160,3210.8,3210.6,3210.4,3210.2,3210,3211.8,3212,3212.2,3212.6,3213,1,1,4,1,3,1,1,1,1,8,3470.8,2840
6964840,25274,IH2110,#NAME?,CFFEX,54000,3212.6,20210928,41833,3212.4,1,3213,1,48973,40277434560,3212.4,3212.2,3212,3211.8,3211.6,3213,3213.2,3213.4,3213.6,3213.8,1,1,4,1,1,1,1,1,1,2,3519.2,2879.6
6991245,26405,IH2110,#NAME?,CFFEX,53999.6,3217.8,20210929,56081,3216.8,4,3217.8,3,53952,53717252160,3216.8,3216.2,3216,3215.8,3215.2,3217.8,3218,3218.2,3218.4,3218.6,4,1,8,1,3,3,1,5,3,1,3534,2891.6
7015772,24527,IH2110,#NAME?,CFFEX,53999.9,3191.6,20210930,38724,3191.8,1,3192.4,3,43970,37177368120,3191.8,3191.6,3191.4,3191.2,3191,3192.4,3193.4,3193.6,3193.8,3194,1,2,1,2,5,3,4,1,1,1,3539.4,2896.2
7041166,25394,IH2110,#NAME?,CFFEX,53999.7,3260.8,20211008,47770,3260.4,1,3261,6,48780,46583340300,3260.4,3259.8,3259.4,3259.2,3259,3261,3261.2,3261.4,3261.6,3261.8,1,1,1,5,5,6,2,3,3,3,3519.6,2880
7065639,24473,IH2110,#NAME?,CFFEX,53999.9,3271.8,20211011,41724,3271.8,3,3272.6,1,40802,41197057800,3271.8,3271.4,3271.2,3271,3270.8,3272.6,3272.8,3273.6,3273.8,3274,3,1,2,7,2,1,2,1,1,3,3586,2934
7091162,25523,IH2110,#NAME?,CFFEX,54000,3258.8,20211012,43800,3258.8,7,3259,1,39793,42840830160,3258.8,3258.6,3258.2,3258,3257.8,3259,3259.2,3259.4,3259.8,3260,7,1,1,6,1,1,1,3,2,19,3608.4,2952.4
7116241,25079,IH2110,#NAME?,CFFEX,53999.9,3293.4,20211013,36717,3290,1,3293.4,1,30124,36069478320,3290,3289,3288.8,3288.2,3288,3293.4,3293.8,3294.4,3294.6,3294.8,1,8,3,1,1,1,1,1,6,1,3575.4,2925.4
7161780,24095,IH2111,#REF!,CFFEX,54000,3301,20211015,38642,3301,7,3302.8,2,40601,38180205420,3301,3300.8,3300.6,3300.4,3300.2,3302.8,3303,3303.2,3303.8,3304,7,5,3,2,2,2,5,5,4,6,3606.8,2951.2
7185504,23724,IH2111,#NAME?,CFFEX,54000,3233.2,20211018,46270,3232.8,1,3233,1,45616,44970746340,3232.8,3231.6,3231.2,3231,3230.6,3233,3233.8,3234,3234.4,3234.6,1,1,1,1,1,1,1,2,2,3,3633.4,2973
7209186,23682,IH2111,#NAME?,CFFEX,53999.8,3253.6,20211019,34572,3253.4,2,3254.4,1,39907,33763640040,3253.4,3253.2,3253,3252.8,3252.6,3254.4,3254.6,3254.8,3255,3255.2,2,2,9,1,5,1,1,7,3,1,3551,2905.4
7233746,24560,IH2111,#NAME?,CFFEX,53999.7,3260,20211020,32491,3259,1,3260,13,40528,31790287440,3259,3258.6,3258.4,3257.2,3257,3260,3260.2,3260.4,3260.8,3261,1,2,1,1,3,13,4,1,2,3,3580.8,2930
7258630,24884,IH2111,#NAME?,CFFEX,53999.7,3284.8,20211021,43026,3282.2,4,3285,3,44775,42294546300,3282.2,3282,3281.8,3281.6,3281,3285,3285.2,3285.6,3286.6,3286.8,4,1,3,5,2,3,1,1,11,1,3585.2,2933.6
7283654,25024,IH2111,#NAME?,CFFEX,53999.1,3320,20211022,43357,3318,5,3319,1,45989,43115044380,3318,3317.2,3317,3316.8,3316.4,3319,3320.4,3320.6,3320.8,3321,5,2,4,1,2,1,4,3,1,1,3604,2948.8
7308136,24482,IH2111,#NAME?,CFFEX,54000,3317.2,20211025,36616,3316.8,1,3317.2,2,45535,36363218700,3316.8,3316.2,3316,3315.8,3315.4,3317.2,3317.4,3317.8,3318,3319,1,4,1,2,3,2,1,2,1,1,3653.8,2989.8
7332432,24296,IH2111,#NAME?,CFFEX,53999.9,3292.6,20211026,41365,3292.4,20,3292.6,3,46253,41013237660,3292.4,3291.2,3291,3290.2,3290,3292.6,3292.8,3293,3293.2,3293.4,20,24,1,1,4,3,3,6,3,2,3650.2,2986.6
7356853,24421,IH2111,#NAME?,CFFEX,53999.7,3250,20211027,39228,3248.4,1,3249,1,43778,38342389680,3248.4,3248.2,3248,3247.8,3247.6,3249,3249.8,3250,3250.2,3250.6,1,1,2,1,2,1,1,12,2,1,3622.8,2964.4
7380986,24133,IH2111,#NAME?,CFFEX,54000,3254.4,20211028,35792,3249.6,1,3254.2,2,43868,34868535120,3249.6,3249.2,3249,3248.8,3248.6,3254.2,3254.4,3254.6,3254.8,3255,1,1,2,1,1,2,6,7,13,5,3572.2,2923
7405142,24156,IH2111,#NAME?,CFFEX,54000,3269.8,20211029,33783,3269.8,1,3270.6,1,42815,33039450420,3269.8,3269.4,3269,3267.2,3267,3270.6,3271.6,3271.8,3272,3273,1,1,8,1,1,1,1,4,7,6,3573.4,2923.8
7429187,24045,IH2111,#NAME?,CFFEX,54000,3255.2,20211101,33992,3255.2,2,3255.4,1,44603,33182824320,3255.2,3255,3254.8,3254.6,3254,3255.4,3255.6,3256,3256.2,3256.4,2,10,2,3,4,1,1,1,3,5,3591.6,2938.8
7454762,25575,IH2111,#NAME?,CFFEX,53999.9,3214.6,20211102,48168,3214.8,3,3215,1,50849,46702457580,3214.8,3214.6,3213.4,3213.2,3213,3215,3215.2,3215.4,3215.6,3215.8,3,1,1,3,2,1,3,6,1,2,3584.6,2933
7479922,25160,IH2111,#NAME?,CFFEX,53999.7,3181.2,20211103,36069,3181,4,3182,2,47211,34630962120,3181,3180.4,3180.2,3180,3179.2,3182,3182.4,3182.6,3182.8,3183,4,1,9,7,2,2,1,24,6,45,3531.6,2889.6
7504138,24216,IH2111,#NAME?,CFFEX,53999.4,3205.4,20211104,31413,3205.4,1,3205.8,1,45158,30197355840,3205.4,3205.2,3205,3204.8,3204.4,3205.8,3206.4,3206.8,3207,3207.2,1,2,2,1,2,1,1,2,4,3,3506.8,2869.2
7528225,24087,IH2111,#NAME?,CFFEX,53999.7,3209.4,20211105,34529,3209.2,13,3209.4,1,44206,33315693240,3209.2,3208.8,3208.2,3208,3207,3209.4,3210.4,3210.6,3210.8,3211,13,1,1,2,1,1,1,1,13,8,3525.8,2885
7551191,22966,IH2111,#NAME?,CFFEX,53999.6,3193,20211108,32448,3193.6,1,3195.2,1,44650,31179635520,3193.6,3193,3192.8,3192,3191.8,3195.2,3195.4,3195.6,3195.8,3196,1,17,3,3,1,1,4,1,4,1,3534.8,2892.4
7575074,23883,IH2111,#NAME?,CFFEX,53999.8,3186.4,20211109,34243,3186,2,3187.8,1,46045,32817369840,3186,3185.6,3185.2,3185,3184.8,3187.8,3188,3188.6,3188.8,3189,2,1,1,3,2,1,6,1,1,3,3520.6,2880.6
7600770,25696,IH2111,#NAME?,CFFEX,53999.8,3169,20211110,38970,3168.6,4,3168.8,1,44530,36851669400,3168.6,3168.2,3168,3167.8,3167.4,3168.8,3169,3169.4,3169.6,3169.8,4,3,3,1,1,1,4,2,2,1,3507.8,2870.2
7625461,24691,IH2111,#NAME?,CFFEX,53999.7,3239.4,20211111,41576,3238.4,1,3239.4,2,41792,40040764920,3238.4,3237.6,3237.2,3237,3236.4,3239.4,3239.6,3240.4,3240.6,3240.8,1,1,1,19,2,2,2,1,14,10,3477.4,2845.4
7648538,23077,IH2111,#NAME?,CFFEX,53999.8,3229.2,20211112,29025,3229,5,3229.6,1,38553,28131961920,3229,3228.6,3228.4,3228.2,3228,3229.6,3229.8,3230,3230.4,3230.8,5,3,5,2,3,1,3,1,1,3,3557,2910.6
7670791,22253,IH2111,#NAME?,CFFEX,54000,3229,20211115,28638,3229,3,3230.8,3,39263,27728556660,3229,3228.2,3228,3227.4,3227,3230.8,3231.4,3231.6,3231.8,3232.8,3,1,2,1,2,3,3,4,3,3,3549.4,2904.2
7694112,23321,IH2111,#NAME?,CFFEX,53999.9,3227.6,20211116,32090,3227,2,3227.6,11,36043,31117255920,3227,3226.8,3226.6,3226.2,3226,3227.6,3227.8,3228,3228.2,3228.6,2,2,1,6,1,11,1,1,2,2,3547.8,2903
7716380,22268,IH2111,#NAME?,CFFEX,54000,3205,20211117,27365,3205.2,1,3205.8,2,28410,26393672220,3205.2,3205,3204.8,3204.6,3204.2,3205.8,3206.6,3206.8,3207,3207.4,1,2,2,1,4,2,2,2,2,1,3546.4,2901.6
7765826,25311,IH2112,#REF!,CFFEX,53999.2,3220,20211119,51273,3220,39,3221,1,72460,49285760160,3220,3219,3218.8,3218.6,3218.4,3221,3221.4,3221.6,3221.8,3222,39,6,6,2,1,1,4,3,1,11,3497.2,2861.6
7789494,23668,IH2112,#NAME?,CFFEX,53999.7,3217.2,20211122,33800,3217,4,3217.2,4,66822,32675768340,3217,3216.8,3216.4,3216.2,3216,3217.2,3217.8,3218,3218.2,3218.4,4,6,1,2,8,4,1,4,8,1,3542.6,2898.6
7812662,23168,IH2112,#NAME?,CFFEX,54000,3229.8,20211123,35391,3229.4,2,3229.8,2,67216,34304607240,3229.4,3229.2,3229,3228.8,3228.6,3229.8,3230.4,3230.6,3230.8,3231,2,10,5,2,1,2,1,6,8,5,3542,2898
7837209,24547,IH2112,#NAME?,CFFEX,53999.9,3242.2,20211124,39478,3242,20,3243.6,3,68056,38351118600,3242,3241.8,3241.6,3241.2,3241,3243.6,3243.8,3244,3244.4,3244.8,20,5,1,3,6,3,32,6,4,2,3552.2,2906.6
7860000,22791,IH2112,#NAME?,CFFEX,54000,3221.4,20211125,31663,3221.6,1,3221.8,1,63638,30657474600,3221.6,3221.4,3221.2,3221,3220.8,3221.8,3222,3222.4,3222.6,3222.8,1,1,5,9,12,1,5,1,7,3,3569,2920.2
7883690,23690,IH2112,#NAME?,CFFEX,53999.8,3187,20211126,35827,3187,2,3188,1,65446,34357117560,3187,3185.8,3185.6,3185.4,3185.2,3188,3189,3189.2,3189.4,3189.6,2,2,1,1,2,1,1,2,1,3,3546.6,2901.8
7907098,23408,IH2112,#NAME?,CFFEX,53999.6,3193,20211129,36485,3192,1,3192.4,1,63716,34848053760,3192,3191.8,3191.6,3191.4,3191.2,3192.4,3192.6,3193,3193.8,3194,1,2,2,2,3,1,2,2,1,3,3510.4,2872.4
7931553,24455,IH2112,#NAME?,CFFEX,54000,3172,20211130,35718,3171.8,1,3172,2,66094,34063862820,3171.8,3171.2,3170.4,3170.2,3170,3172,3172.4,3173,3173.4,3173.6,1,1,9,3,1,2,1,2,1,2,3503.4,2866.6
7954557,23004,IH2112,#NAME?,CFFEX,53999.7,3184.8,20211201,30359,3184.8,3,3185.2,2,62876,28972566420,3184.8,3184.4,3184,3183.8,3183.6,3185.2,3185.4,3185.6,3185.8,3186,3,1,3,5,6,2,2,2,2,7,3483.2,2850
7978645,24088,IH2112,#NAME?,CFFEX,53999.8,3196,20211202,36707,3196,7,3196.4,1,64418,35150192460,3196,3195.8,3195.6,3195.4,3195.2,3196.4,3197,3197.2,3197.4,3197.8,7,7,7,2,4,1,5,4,1,2,3503.4,2866.6
8003365,24720,IH2112,#NAME?,CFFEX,54000,3223.8,20211203,39351,3223,2,3224.6,2,62003,37899851220,3223,3222.8,3222.4,3222.2,3222,3224.6,3224.8,3225,3225.2,3225.4,2,1,2,4,9,2,7,19,1,1,3516.4,2877.2
8028167,24802,IH2112,#NAME?,CFFEX,53999.9,3233,20211206,41903,3233,4,3233.2,3,55706,40754686260,3233,3232.6,3232.4,3232.2,3232,3233.2,3234,3234.2,3234.4,3234.6,4,2,1,3,6,3,7,3,5,2,3543,2899
8052919,24752,IH2112,#NAME?,CFFEX,53999.9,3259.6,20211207,39382,3259.4,1,3259.6,13,55811,38429025000,3259.4,3259,3258,3257.8,3257.4,3259.6,3259.8,3260,3260.4,3260.6,1,4,3,4,4,13,2,1,2,5,3560.2,2913
8078508,25589,IH2112,#NAME?,CFFEX,53999.8,3313.2,20211208,40924,3312,3,3313.2,2,56303,40341298080,3312,3311.8,3311.6,3311.4,3311,3313.2,3313.4,3313.6,3313.8,3314,3,1,2,1,2,2,8,5,8,11,3579.8,2929
8105480,26972,IH2112,#NAME?,CFFEX,53999.9,3363.2,20211209,53202,3363.2,2,3363.4,1,62700,53697812760,3363.2,3362.6,3362.2,3362,3361.8,3363.4,3363.6,3363.8,3365,3365.2,2,1,2,3,1,1,1,1,3,1,3638.4,2977.2
8130855,25375,IH2112,#NAME?,CFFEX,54000,3363.4,20211210,38771,3363.4,1,3364,4,55803,39053984100,3363.4,3362.8,3362.6,3362.4,3362.2,3364,3364.2,3364.4,3364.6,3364.8,1,1,6,3,2,4,2,1,6,9,3714.6,3039.4
8156267,25412,IH2112,#NAME?,CFFEX,53999.1,3367,20211213,47936,3367,10,3367.2,1,52639,48887200560,3367,3366.6,3366.4,3366.2,3366,3367.2,3367.6,3367.8,3368,3368.2,10,1,1,1,3,1,1,1,2,5,3690.6,3019.8
8180956,24689,IH2112,#NAME?,CFFEX,54000,3356.8,20211214,31663,3356.8,1,3357.6,1,44525,31923106080,3356.8,3356.6,3356.4,3356.2,3356,3357.6,3357.8,3358,3358.2,3358.4,1,1,3,2,2,1,2,3,3,2,3708.6,3034.6
8204839,23883,IH2112,#NAME?,CFFEX,53999.6,3320.8,20211215,30943,3320.6,2,3321,1,36542,31005911040,3320.6,3320.4,3319.8,3319.6,3319.4,3321,3321.2,3321.4,3321.6,3321.8,2,1,1,1,1,1,1,1,5,2,3691,3020.2
8254335,25264,IH2201,#REF!,CFFEX,53999.8,3296,20211217,38062,3295.6,1,3296,2,49057,37859810160,3295.6,3295,3294.2,3294,3293.6,3296,3297,3297.4,3297.6,3297.8,1,10,1,4,7,2,15,2,1,2,3675.6,3007.6
8279457,25122,IH2201,#NAME?,CFFEX,53999.8,3273,20211220,40009,3273,1,3274,3,54084,39473306280,3273,3270.4,3269.6,3269.4,3268.4,3274,3274.2,3274.4,3274.6,3275,1,1,1,1,1,3,3,8,1,3,3630.2,2970.2
8303820,24363,IH2201,#NAME?,CFFEX,53999.7,3288.4,20211221,33481,3288.2,1,3288.4,5,52906,33004755720,3288.2,3288,3287.8,3287.6,3287.4,3288.4,3288.6,3288.8,3289.2,3289.4,1,9,1,2,1,5,1,1,1,15,3599.4,2945
8327132,23312,IH2201,#NAME?,CFFEX,53999.7,3274.2,20211222,29617,3274,1,3274.2,6,53555,29176229820,3274,3273.8,3273.6,3273.4,3273.2,3274.2,3274.4,3274.8,3275,3275.2,1,5,4,1,6,6,2,4,2,1,3617.6,2960
8351751,24619,IH2201,#NAME?,CFFEX,53999.8,3308,20211223,37172,3307.8,1,3308,3,57406,36627676080,3307.8,3307.2,3307,3306.6,3306.4,3308,3309,3309.2,3309.4,3309.6,1,1,3,1,1,3,7,1,1,4,3604.6,2949.4
8375397,23646,IH2201,#NAME?,CFFEX,53999.8,3298,20211224,33954,3298,4,3299.4,2,51638,33665893620,3298,3297.6,3297.2,3297,3296.8,3299.4,3300,3300.2,3300.4,3300.6,4,3,5,3,6,2,1,1,1,1,3628.8,2969.2
8398557,23160,IH2201,#NAME?,CFFEX,53999.7,3304,20211227,32292,3303.8,2,3304.8,1,54290,31947645000,3303.8,3303.6,3303.4,3303.2,3303,3304.8,3305.2,3305.4,3305.6,3305.8,2,3,1,1,3,1,1,2,5,12,3631.2,2971.2
8422924,24367,IH2201,#NAME?,CFFEX,54000,3320.8,20211228,38257,3320.8,19,3321,1,55803,38027635860,3320.8,3320,3319.6,3319,3318.8,3321,3321.8,3322,3322.2,3322.6,19,1,6,5,1,1,3,6,2,4,3624.8,2966
8447922,24998,IH2201,#NAME?,CFFEX,53999.7,3250.4,20211229,41053,3250.2,4,3250.6,1,56754,40401165120,3250.2,3250,3249,3248.6,3248,3250.6,3251.4,3251.6,3251.8,3252,4,1,1,5,4,1,1,1,3,3,3652,2988
8472565,24643,IH2201,#NAME?,CFFEX,53999.9,3277,20211230,34939,3276.8,1,3277,2,52452,34321121760,3276.8,3276.4,3276.2,3276,3275.8,3277,3277.2,3277.4,3277.6,3277.8,1,1,1,4,1,2,1,11,1,7,3585.6,2934
8495536,22971,IH2201,#NAME?,CFFEX,53999.8,3279.4,20211231,28994,3278.8,1,3279.4,3,50788,28585917960,3278.8,3278.6,3278.4,3278.2,3278,3279.4,3281,3281.2,3281.4,3281.6,1,4,2,2,5,3,3,4,1,2,3602.8,2948
8519698,24162,IH2201,#NAME?,CFFEX,53999.9,3269.8,20220104,40497,3269.4,9,3270,15,54802,39564707820,3269.4,3269.2,3268.8,3268.4,3268.2,3270,3270.8,3271.4,3271.6,3271.8,9,2,1,4,2,15,3,3,3,4,3613,2956.2
8545627,25929,IH2201,#NAME?,CFFEX,53999.6,3264,20220105,42180,3263.8,7,3264,12,52506,41389405080,3263.8,3263.6,3263.4,3263,3262.2,3264,3264.6,3265,3265.4,3265.6,7,1,10,1,4,12,1,2,4,2,3593.8,2940.6
8570447,24820,IH2201,#NAME?,CFFEX,53999.7,3214.2,20220106,40239,3212.8,1,3214.4,2,54740,38938544880,3212.8,3212.6,3212.4,3212.2,3212,3214.4,3214.6,3214.8,3215,3215.2,1,1,1,1,16,2,3,1,5,2,3590.6,2937.8
8595182,24735,IH2201,#NAME?,CFFEX,53999.9,3226.8,20220107,34020,3226.4,4,3226.8,10,50383,33007226880,3226.4,3225.2,3224.8,3224.6,3224,3226.8,3227.4,3227.6,3227.8,3228,4,2,1,2,2,10,4,2,3,2,3539.2,2896
8618925,23743,IH2201,#NAME?,CFFEX,53999.7,3238.4,20220110,32680,3238.6,1,3238.8,1,50280,31690543860,3238.6,3238.4,3238.2,3238,3237.8,3238.8,3239.2,3239.4,3239.6,3239.8,1,6,2,10,6,1,2,7,4,3,3554.4,2908.4
8643079,24153,IH2201,#NAME?,CFFEX,53999.8,3217.2,20220111,36347,3216.4,1,3217.4,2,50079,35251445820,3216.4,3216.2,3216,3215.8,3215.4,3217.4,3217.6,3217.8,3218,3218.2,1,1,3,1,1,2,6,2,14,5,3563.2,2915.6
8666859,23780,IH2201,#NAME?,CFFEX,54000,3244.4,20220112,32685,3244.2,1,3244.4,1,48188,31717241220,3244.2,3243.8,3243.6,3243.4,3243.2,3244.4,3245,3245.4,3245.6,3245.8,1,4,5,4,1,1,3,1,3,1,3543.8,2899.8
8692342,25483,IH2201,#NAME?,CFFEX,53999.9,3182.6,20220113,41353,3181.6,1,3182.6,3,49594,39951132180,3181.6,3181.4,3181,3180.2,3180,3182.6,3182.8,3183.4,3183.6,3183.8,1,2,4,3,11,3,21,1,1,1,3571.8,2922.6
8716896,24554,IH2201,#NAME?,CFFEX,54000,3136.8,20220114,38210,3136.8,1,3137,2,46508,36199144320,3136.8,3136.6,3136.2,3136,3135.8,3137,3137.2,3137.4,3137.6,3137.8,1,4,2,3,1,2,2,1,1,2,3510.6,2872.6
8740228,23332,IH2201,#NAME?,CFFEX,53999.7,3147.6,20220117,28996,3147.6,8,3147.8,1,39636,27390056280,3147.6,3147.4,3147.2,3147,3146.8,3147.8,3149.2,3149.8,3150,3150.8,8,1,2,7,6,1,1,7,4,3,3460.2,2831.4
8765119,24891,IH2201,#NAME?,CFFEX,54000,3186.2,20220118,39799,3186.2,2,3187,3,37193,37911432300,3186.2,3186,3185.8,3185.6,3185.4,3187,3187.2,3187.4,3187.6,3187.8,2,4,3,3,3,3,5,3,3,5,3464.6,2835
8788992,23872,IH2201,#NAME?,CFFEX,53999.8,3187.4,20220119,29217,3187,1,3187.4,5,26353,27966465840,3187,3186.8,3186.6,3186.2,3186,3187.4,3187.8,3188,3188.2,3188.4,1,7,3,3,2,5,5,25,3,1,3502.8,2866
8838364,24569,IH2202,#REF!,CFFEX,53999.3,3236.6,20220121,32092,3236.6,1,3237,2,36776,31128319140,3236.6,3236.4,3236,3235.6,3235,3237,3237.4,3237.6,3238,3238.4,1,2,8,2,2,2,1,2,2,1,3569.2,2920.4
8862607,24243,IH2202,#NAME?,CFFEX,53999.6,3222.4,20220124,33327,3221.8,1,3223.2,3,39563,32128766100,3221.8,3221.6,3221.4,3221,3220.8,3223.2,3223.4,3223.6,3223.8,3224,1,1,1,2,3,3,1,4,4,11,3554.6,2908.6
8887847,25240,IH2202,#NAME?,CFFEX,54000,3148.6,20220125,34671,3147.6,2,3148.6,1,39422,33090926100,3147.6,3145.8,3145.2,3145,3144.8,3148.6,3148.8,3149,3149.2,3149.4,2,1,1,8,1,1,3,4,1,1,3534.6,2892.2
8912604,24757,IH2202,#NAME?,CFFEX,54000,3166.6,20220126,31552,3166,1,3169.4,1,40228,29951282580,3166,3165.8,3165.4,3165.2,3165,3169.4,3169.8,3170,3170.2,3170.4,1,1,2,2,4,1,4,4,2,1,3475,2843.4
8938234,25630,IH2202,#NAME?,CFFEX,54000,3127.8,20220127,38653,3126.2,1,3128.6,1,40752,36446608680,3126.2,3125.2,3125,3124.4,3124,3128.6,3129,3129.2,3129.4,3129.6,1,2,1,1,1,1,2,1,2,4,3488.4,2854.4
8964682,26448,IH2202,#NAME?,CFFEX,53999.8,3036.8,20220128,43916,3036.2,1,3036.8,2,42372,40823707140,3036.2,3035.6,3035.2,3035,3034,3036.8,3037.4,3039,3040,3040.4,1,1,1,1,1,2,1,1,5,5,3445.6,2819.2
8989104,24422,IH2202,#NAME?,CFFEX,53999.7,3112.6,20220207,32290,3111.6,2,3112.2,5,38119,30110164740,3111.6,3111.4,3111.2,3110.6,3110.4,3112.2,3112.6,3113,3113.2,3113.6,2,1,1,3,4,5,1,7,1,2,3367,2755
9014896,25792,IH2202,#NAME?,CFFEX,54000,3117,20220208,31442,3116.8,5,3117.2,3,37786,29182774620,3116.8,3116.6,3116.4,3116.2,3116,3117.2,3118.2,3118.4,3118.8,3119,5,2,1,2,2,3,2,15,2,8,3424.2,2801.8
9040047,25151,IH2202,#NAME?,CFFEX,53999.7,3139,20220209,31982,3138.8,1,3139.4,1,38029,30010435680,3138.8,3138.2,3138,3137.8,3137.6,3139.4,3139.6,3139.8,3140,3140.2,1,1,1,4,3,1,4,2,4,1,3423.8,2801.4
9064376,24329,IH2202,#NAME?,CFFEX,54000,3146,20220210,27344,3145.8,9,3147,1,34635,25725558660,3145.8,3145.6,3145,3144.6,3144.2,3147,3147.2,3147.4,3147.6,3148,9,3,1,2,3,1,4,9,2,8,3452.8,2825.2
9089567,25191,IH2202,#NAME?,CFFEX,53999.8,3141.8,20220211,34937,3140,5,3142,2,38515,33083135220,3140,3139.2,3139,3138.6,3138.4,3142,3142.2,3142.4,3142.6,3143.6,5,1,5,1,1,2,5,1,2,2,3456.2,2827.8
9115133,25566,IH2202,#NAME?,CFFEX,53999.7,3105.8,20220214,31914,3105.6,3,3107.4,1,32374,29827861560,3105.6,3105.4,3105.2,3105,3104,3107.4,3107.6,3108,3108.2,3108.4,3,2,1,3,1,1,1,1,1,4,3460,2831.2
9138867,23734,IH2202,#NAME?,CFFEX,54000,3117,20220215,26750,3116.2,1,3117,27,28019,24989363100,3116.2,3116,3115.8,3115.6,3115.4,3117,3117.2,3117.4,3117.6,3117.8,1,1,3,1,1,27,1,1,2,1,3415,2794.2
9162009,23142,IH2202,#NAME?,CFFEX,53999.9,3135.4,20220216,25772,3133.8,3,3135.4,1,21603,24260214120,3133.8,3133.6,3133.4,3133.2,3133,3135.4,3135.6,3135.8,3136.2,3136.4,3,2,1,1,2,1,4,1,3,1,3424.6,2802.2
9210251,24044,IH2203,#REF!,CFFEX,53999.8,3171,20220218,33117,3170.8,1,3171,12,66562,31310952480,3170.8,3170.6,3170.4,3170.2,3170,3171,3171.2,3171.4,3171.8,3172,1,1,1,4,2,12,3,3,3,5,3459.8,2831
9233701,23450,IH2203,#NAME?,CFFEX,53999.8,3154,20220221,35915,3154,1,3154.2,5,67189,33874219020,3154,3153.6,3153.4,3153.2,3153,3154.2,3154.6,3154.8,3155,3155.2,1,1,9,3,4,5,11,8,7,1,3483,2849.8
9258539,24838,IH2203,#NAME?,CFFEX,53999.9,3104.6,20220222,41871,3104.2,2,3104.8,1,69561,38957619720,3104.2,3104,3103.8,3103.6,3103.4,3104.8,3105,3105.2,3105.4,3105.6,2,6,4,2,2,1,3,3,5,8,3461.2,2832
9282450,23911,IH2203,#NAME?,CFFEX,53999.6,3123.8,20220223,30829,3123.8,2,3124,1,64675,28787959980,3123.8,3123.6,3123.4,3123.2,3123,3124,3124.2,3124.4,3124.6,3124.8,2,2,7,7,14,1,1,3,1,4,3412.6,2792.2
9308782,26332,IH2203,#NAME?,CFFEX,53999.8,3066.6,20220224,46583,3065.6,2,3066.4,1,72533,42983030280,3065.6,3065.4,3065.2,3065,3064,3066.4,3066.8,3067,3067.2,3067.4,2,1,5,1,1,1,2,7,4,7,3433,2809
9333860,25078,IH2203,#NAME?,CFFEX,53999.9,3076.6,20220225,39868,3076,3,3076.6,1,65056,36968546760,3076,3075.8,3075.6,3075.4,3075.2,3076.6,3076.8,3077,3077.2,3077.4,3,1,6,2,9,1,2,2,2,1,3360.8,2750
9358072,24212,IH2203,#NAME?,CFFEX,53999.8,3084.6,20220228,30947,3084,1,3084.8,2,64846,28509034560,3084,3083.8,3083.6,3083.4,3083.2,3084.8,3085.2,3085.4,3085.6,3085.8,1,3,5,1,4,2,6,5,1,6,3381.6,2766.8
9382779,24707,IH2203,#NAME?,CFFEX,53999.9,3128.2,20220301,38632,3127.8,6,3128.4,2,61761,36106840140,3127.8,3127.6,3127,3126.8,3126.6,3128.4,3128.6,3128.8,3129,3129.2,6,1,9,2,4,2,1,1,4,1,3388.2,2772.2
9405903,23124,IH2203,#NAME?,CFFEX,53999.9,3111.6,20220302,26205,3111.4,3,3111.6,8,57638,24455193540,3111.4,3111.2,3111,3110.8,3110.6,3111.6,3112,3112.2,3112.4,3112.6,3,1,11,4,2,8,7,3,4,7,3439,2813.8
9430055,24152,IH2203,#NAME?,CFFEX,53999.8,3099,20220303,28272,3098.2,2,3099.2,2,57729,26366983320,3098.2,3098,3097.8,3097.2,3097,3099.2,3099.8,3100,3100.4,3100.6,2,1,2,1,2,2,2,2,2,9,3422.8,2800.8
9455319,25264,IH2203,#NAME?,CFFEX,54000,3069.6,20220304,39290,3069.6,7,3069.8,2,61038,36119174340,3069.6,3069.4,3068.6,3068,3067.2,3069.8,3070,3070.2,3070.4,3070.6,7,1,3,1,10,2,9,12,3,3,3410.4,2790.4
9481504,26185,IH2203,#NAME?,CFFEX,53999.6,2969.4,20220307,44002,2970.2,2,2972.6,1,60202,39616011120,2970.2,2969.2,2968,2964.8,2964.6,2972.6,2972.8,2973,2973.2,2973.4,2,1,2,1,1,1,5,6,2,3,3372,2759.2
9508802,27298,IH2203,#NAME?,CFFEX,53999.8,2922.4,20220308,53054,2921.8,1,2922.4,1,60197,47220237420,2921.8,2921.6,2921,2920.8,2920.6,2922.4,2922.8,2923,2923.6,2924,1,4,2,2,1,1,1,1,1,5,3274,2678.8
9536513,27711,IH2203,#NAME?,CFFEX,53999.7,2900.8,20220309,60903,2900,3,2900.8,2,61308,53023257120,2900,2899.8,2899.6,2899,2898.8,2900.8,2901.2,2901.4,2901.6,2901.8,3,1,1,6,1,2,1,1,1,3,3230.6,2643.4
9562678,26165,IH2203,#NAME?,CFFEX,53999.7,2927,20220310,40932,2927,1,2927.8,3,52229,36174633180,2927,2926.2,2926,2925.6,2925.4,2927.8,2928,2928.2,2928.4,2928.8,1,4,1,3,4,3,4,3,2,3,3175.4,2598.2
9590240,27562,IH2203,#NAME?,CFFEX,53999.8,2941.2,20220311,53779,2940,2,2942,5,55600,46586606520,2940,2939.6,2938,2937.2,2937,2942,2942.8,2943,2944,2944.4,2,1,2,1,1,5,2,1,1,2,3224.6,2638.6
9617514,27274,IH2203,#NAME?,CFFEX,53999.6,2844.2,20220314,44574,2844,1,2845,1,48038,38530435320,2844,2843.2,2843,2842,2841.8,2845,2845.2,2845.6,2846,2847,1,2,7,5,1,1,1,1,3,3,3220,2634.8
9645013,27499,IH2203,#NAME?,CFFEX,53999.9,2678.6,20220315,61259,2678.6,5,2680,5,48032,50721649560,2678.6,2677.6,2677.4,2675.8,2672.6,2680,2680.6,2681,2681.2,2682.8,5,6,15,8,7,5,1,1,1,1,3146.4,2574.4
9672511,27498,IH2203,#NAME?,CFFEX,53999.6,2828.2,20220316,58091,2827.6,1,2829.6,1,33783,47945396460,2827.6,2827.2,2827,2826.8,2826.4,2829.6,2830,2830.2,2830.6,2831.2,1,1,3,1,1,1,2,4,1,2,2988.2,2445
9724621,26892,IH2204,#REF!,CFFEX,53999.9,2908.4,20220318,43631,2908.2,9,2908.8,1,40322,37739902260,2908.2,2908,2907.8,2907.6,2907.2,2908.8,2910,2910.2,2910.6,2911.8,9,4,1,8,5,1,1,1,1,4,3158.8,2584.8
9749718,25097,IH2204,#NAME?,CFFEX,53999.5,2877,20220321,40563,2877,13,2878,7,39913,35057801220,2877,2876.2,2876,2875.6,2875.2,2878,2878.2,2878.4,2878.6,2878.8,13,1,1,1,1,7,7,9,3,10,3206.6,2623.8
9774186,24467,IH2204,#NAME?,CFFEX,54000,2885.2,20220322,36744,2885,1,2885.2,2,37441,31871593140,2885,2884.2,2884,2883.2,2883,2885.2,2885.4,2885.6,2885.8,2886,1,2,2,5,4,2,2,3,4,2,3164.4,2589.2
9796123,21936,IH2204,#NAME?,CFFEX,53999.9,2901.6,20220323,40345,2901.4,1,2901.6,1,39691,35057252100,2901.4,2901.2,2901,2900.8,2900.4,2901.6,2902.2,2902.4,2902.6,2902.8,1,1,5,2,7,1,2,2,7,11,3175.4,2598.2
9820712,24588,IH2204,#NAME?,CFFEX,53999.9,2890.6,20220324,33972,2890.4,11,2890.6,1,37512,29455048200,2890.4,2890.2,2890,2889.4,2889.2,2890.6,2891,2891.2,2891.4,2891.8,11,5,13,1,1,1,6,5,1,1,3192.4,2612
9847523,26811,IH2204,#NAME?,CFFEX,54000,2844.2,20220325,40149,2844,1,2844.6,2,40681,34615789920,2844,2843.8,2843.6,2843,2842.8,2844.6,2844.8,2845,2845.4,2845.6,1,3,1,8,3,2,5,15,2,6,3187.2,2608
9873807,26284,IH2204,#NAME?,CFFEX,53999.8,2849.8,20220328,45259,2850.4,2,2851,1,41033,38437662300,2850.4,2850.2,2850,2849.8,2849.4,2851,2851.6,2851.8,2852,2852.2,2,1,1,1,1,1,2,3,8,3,3136.4,2566.4
9898896,25089,IH2204,#NAME?,CFFEX,53999.9,2837,20220329,31350,2837,1,2837.4,1,38680,26818693740,2837,2836.8,2836.6,2836.4,2836.2,2837.4,2837.6,2837.8,2838,2838.4,1,1,5,1,3,1,3,1,6,1,3131.8,2562.6
9925724,26828,IH2204,#NAME?,CFFEX,53999.7,2919.2,20220330,41985,2918,12,2919.4,6,39364,36376523340,2918,2917.8,2917.6,2917.4,2917,2919.4,2919.6,2919.8,2920,2920.2,12,1,1,1,1,6,8,16,7,1,3125.6,2557.6
9950822,25098,IH2204,#NAME?,CFFEX,53999.9,2900,20220331,29161,2900.2,2,2900.6,5,36825,25411163160,2900.2,2900,2899.8,2899.6,2899.4,2900.6,2900.8,2901,2901.2,2902,2,2,1,5,3,5,3,8,3,2,3205,2622.6
9977097,26275,IH2204,#NAME?,CFFEX,53999.7,2940.6,20220401,43320,2940.6,3,2941,7,41873,37997505900,2940.6,2940.2,2940,2939.8,2939.6,2941,2941.4,2941.8,2942,2942.6,3,1,5,2,10,7,9,2,3,2,3194.6,2613.8
10003056,25959,IH2204,#NAME?,CFFEX,53999.7,2923.4,20220406,38674,2922.8,3,2924,6,37349,33873373740,2922.8,2922.4,2922.2,2922,2921.8,2924,2924.4,2924.6,2924.8,2925,3,2,5,4,5,6,3,1,3,7,3233.4,2645.8
10028862,25805,IH2204,#NAME?,CFFEX,53999.8,2901.2,20220407,37857,2900.8,1,2901.2,19,38594,33129200160,2900.8,2900.6,2900.4,2900.2,2900,2901.2,2901.6,2901.8,2902,2902.4,1,2,1,2,12,19,1,2,2,1,3208.8,2625.6
10054014,25152,IH2204,#NAME?,CFFEX,53999.6,2929,20220408,35488,2928.4,1,2929.2,2,35048,31024947480,2928.4,2928.2,2928,2927.8,2927.6,2929.2,2929.6,2929.8,2930,2930.2,1,2,1,4,2,2,5,3,33,1,3200,2618.4
10079567,25552,IH2204,#NAME?,CFFEX,54000,2848.2,20220411,43317,2848,2,2848.4,1,38617,37215346740,2848,2847,2846,2843.6,2842.8,2848.4,2848.6,2848.8,2849,2849.2,2,2,1,1,1,1,4,1,11,6,3217,2632.2
10101265,21697,IH2204,#NAME?,CFFEX,53999.5,2894.4,20220412,41227,2894,2,2894.8,10,32190,35463958860,2894,2893.2,2893,2892.6,2892.4,2894.8,2895,2895.2,2896,2896.4,2,1,2,4,3,10,1,1,3,3,3135.4,2565.4
10126668,25403,IH2204,#NAME?,CFFEX,53999.8,2888.6,20220413,32894,2888.4,6,2889.2,4,27275,28554378840,2888.4,2888.2,2887,2885.2,2885,2889.2,2889.4,2890,2890.4,2891.2,6,13,2,2,12,4,1,10,1,1,3179.6,2601.6
10173720,23212,IH2205,#REF!,CFFEX,53999.4,2941.4,20220415,31823,2940.6,1,2941.4,1,34165,28067232540,2940.6,2940.4,2940.2,2940,2939.8,2941.4,2941.8,2942,2942.6,2942.8,1,1,3,2,2,1,13,2,4,6,3237.4,2649
10199055,25335,IH2205,#NAME?,CFFEX,53999.9,2893.8,20220418,39128,2894,1,2894.8,2,36425,33961534200,2894,2893.6,2892.8,2892.2,2891.4,2894.8,2895,2895.2,2895.4,2895.8,1,42,2,1,4,2,7,2,1,2,3238.8,2650
10222841,23785,IH2205,#NAME?,CFFEX,53999.6,2865,20220419,36691,2864.8,1,2866,1,37642,31634342100,2864.8,2864,2863.8,2863.2,2863,2866,2866.4,2866.6,2866.8,2867,1,1,1,2,1,1,4,2,3,6,3177.2,2599.6
10248713,25872,IH2205,#NAME?,CFFEX,53999.7,2834.8,20220420,36949,2834,1,2834.2,3,37076,31574641140,2834,2833.2,2833,2832.2,2832,2834.2,2835,2835.2,2835.4,2836,1,1,2,1,1,3,10,2,4,2,3141.2,2570.4
10275832,27119,IH2205,#NAME?,CFFEX,54000,2801.2,20220421,47494,2801.2,4,2802.2,3,42453,40255342320,2801.2,2801,2800.8,2800.2,2800,2802.2,2802.4,2802.6,2802.8,2803,4,1,1,2,16,3,1,2,1,3,3123.4,2555.8
10301804,25972,IH2205,#NAME?,CFFEX,53999.8,2815.4,20220422,39878,2815.2,2,2816,7,38071,33602284980,2815.2,2815,2813.8,2813.6,2813.4,2816,2816.2,2816.4,2816.6,2816.8,2,3,1,1,2,7,4,3,14,2,3081.2,2521.2
10329354,27550,IH2205,#NAME?,CFFEX,53999.6,2678.4,20220425,53880,2678.6,1,2679.2,6,45973,44394582240,2678.6,2678.4,2677.8,2677,2676,2679.2,2680,2680.6,2680.8,2681,1,3,2,1,2,6,1,2,4,6,3099.4,2536.2
10356777,27423,IH2205,#NAME?,CFFEX,53999.6,2681.2,20220426,52584,2681.2,1,2684,5,41933,42567203580,2681.2,2681,2680.8,2680.4,2680.2,2684,2684.4,2684.6,2684.8,2685,1,2,1,1,2,5,1,6,1,2,2981.4,2439.4
10383911,27134,IH2205,#NAME?,CFFEX,54000,2731.8,20220427,48602,2731,2,2731.8,7,42431,39582802320,2731,2729.6,2729,2728.8,2728.6,2731.8,2732,2732.8,2733,2733.8,2,1,4,3,3,7,3,3,5,1,2953.4,2416.6
10411048,27137,IH2205,#NAME?,CFFEX,54000,2768.6,20220428,42480,2768.2,3,2768.8,6,38242,35029124820,2768.2,2767.8,2767.6,2767.2,2767,2768.8,2769,2769.2,2769.8,2770,3,4,3,3,1,6,6,1,2,1,2996.6,2451.8
10437821,26773,IH2205,#NAME?,CFFEX,53999.8,2810.8,20220429,47586,2810.8,4,2811,3,40558,39696941160,2810.8,2810.4,2810.2,2810,2809.8,2811,2811.6,2811.8,2812,2812.4,4,31,1,19,1,3,2,3,4,2,3037.8,2485.8
10462615,24794,IH2205,#NAME?,CFFEX,53999.6,2795.2,20220505,30271,2795.4,2,2795.6,3,34774,25496994600,2795.4,2795,2794.6,2794.4,2794,2795.6,2796,2796.2,2796.4,2796.6,2,3,1,5,6,3,14,4,2,2,3083.6,2523.2
10488543,25928,IH2205,#NAME?,CFFEX,53999.8,2711.4,20220506,40529,2710.6,2,2713.6,2,40529,33218235120,2710.6,2710,2709.8,2708.8,2708.6,2713.6,2714,2714.2,2714.4,2714.6,2,1,1,1,2,2,1,3,1,3,3080.2,2520.2
10513726,25183,IH2205,#NAME?,CFFEX,53999.6,2683.8,20220509,31848,2683.4,1,2686,2,38082,25689827160,2683.4,2683.2,2683,2682.2,2682,2686,2686.2,2686.4,2686.6,2686.8,1,1,1,1,1,2,1,1,2,2,2985.8,2443
10539329,25603,IH2205,#NAME?,CFFEX,54000,2715.8,20220510,42994,2715.8,1,2716.8,7,40549,34750415580,2715.8,2715.6,2715.4,2715.2,2714.8,2716.8,2717,2717.2,2718,2718.8,1,7,6,13,4,7,1,1,3,1,2948.2,2412.2
10566087,26758,IH2205,#NAME?,CFFEX,53999.8,2734,20220511,39469,2733.4,4,2734.2,2,36587,32448395760,2733.4,2733.2,2733,2732.6,2732.4,2734.2,2734.4,2734.8,2735,2735.8,4,2,3,1,2,2,1,2,2,2,2984.8,2442.4
10591209,25122,IH2205,#NAME?,CFFEX,54000,2714.6,20220512,29327,2714.4,6,2714.6,1,34280,23954457840,2714.4,2714.2,2714,2713.8,2713.6,2714.6,2715,2715.4,2715.6,2715.8,6,1,4,1,4,1,1,1,1,1,3016.6,2468.2
10615775,24565,IH2205,#NAME?,CFFEX,53999.9,2743.8,20220513,29400,2743.6,1,2744.2,2,32577,24184085520,2743.6,2743.4,2743,2742.8,2742.6,2744.2,2744.8,2745,2745.2,2745.4,1,3,4,1,3,2,1,7,6,1,2988.6,2445.4
10640842,25067,IH2205,#NAME?,CFFEX,53999.6,2714,20220516,30728,2714,2,2714.6,1,32075,25115689980,2714,2713.8,2713.6,2713.4,2713.2,2714.6,2716,2716.2,2716.4,2716.6,2,2,1,1,3,1,4,2,1,1,3016.2,2467.8
10664657,23814,IH2205,#NAME?,CFFEX,53999.6,2752.4,20220517,27872,2751.6,1,2751.8,1,25225,22919963880,2751.6,2751.4,2751.2,2751,2750.8,2751.8,2752.4,2752.8,2753,2753.2,1,5,2,8,1,1,1,3,3,4,2986.2,2443.4
10689071,24414,IH2205,#NAME?,CFFEX,54000,2743.2,20220518,25547,2742.2,1,2744,1,23223,20992855020,2742.2,2742,2741.8,2741.4,2741.2,2744,2744.2,2744.4,2744.6,2744.8,1,3,2,1,1,1,5,2,1,10,3024.6,2475
10740500,26454,IH2206,#REF!,CFFEX,53999.9,2805,20220520,50410,2804.4,2,2805,1,65701,42092719260,2804.4,2804.2,2804,2803.8,2803.6,2805,2805.8,2806,2806.2,2806.6,2,2,12,7,4,1,1,1,1,5,3001,2455.4
10766336,25836,IH2206,#NAME?,CFFEX,53999.6,2765.6,20220523,45443,2765,3,2765.4,2,64895,37793698920,2765,2764.8,2764.6,2764.4,2764.2,2765.4,2766,2766.2,2766.4,2766.6,3,1,2,3,3,2,2,7,2,6,3077,2517.8
10792729,26393,IH2206,#NAME?,CFFEX,54000,2725.8,20220524,43326,2725.6,10,2726,9,66524,35721552900,2725.6,2725.4,2725,2724.8,2724.6,2726,2726.6,2726.8,2727,2727.2,10,4,8,3,1,9,1,1,7,8,3044,2490.8
10818225,25496,IH2206,#NAME?,CFFEX,54000,2732,20220525,35853,2731.6,1,2732.8,5,63000,29348354940,2731.6,2731.4,2731,2730.8,2730.6,2732.8,2733,2733.2,2733.4,2733.6,1,1,2,1,8,5,12,1,1,1,3007.6,2460.8
10843943,25718,IH2206,#NAME?,CFFEX,53999.7,2727,20220526,44567,2725.2,4,2726.8,1,66428,36429138660,2725.2,2725,2724.8,2724.6,2724.2,2726.8,2727.6,2728,2728.2,2728.6,4,7,3,3,3,1,1,10,2,2,2998.8,2453.6
10870237,26294,IH2206,#NAME?,CFFEX,53999.9,2750.6,20220527,43180,2750.6,1,2751.8,2,63340,35793625560,2750.6,2750.4,2750.2,2750,2749,2751.8,2752.8,2753,2753.2,2753.4,1,1,3,13,1,2,11,11,2,8,3000,2454.8
10895162,24925,IH2206,#NAME?,CFFEX,53999.7,2762.6,20220530,34993,2762.4,1,2763,1,59616,29061891660,2762.4,2762.2,2762,2761.4,2761.2,2763,2763.4,2763.6,2764,2764.2,1,8,10,2,1,1,1,4,7,2,3024.4,2474.8
10921121,25959,IH2206,#NAME?,CFFEX,53999.7,2797.4,20220531,42671,2797.4,2,2798.2,1,61456,35707648200,2797.4,2797.2,2797,2796.8,2796.6,2798.2,2798.4,2798.6,2798.8,2799,2,15,5,3,8,1,1,1,7,3,3039.4,2487
10946631,25510,IH2206,#NAME?,CFFEX,53999.9,2784.8,20220601,32170,2784.6,5,2785.4,2,55534,26887244280,2784.6,2784.4,2784.2,2784,2783.8,2785.4,2785.6,2785.8,2786,2786.2,5,2,2,2,1,2,2,6,11,3,3081.6,2521.6
10971840,25209,IH2206,#NAME?,CFFEX,53999.8,2782.2,20220602,33637,2782.2,1,2782.6,1,57055,27978440280,2782.2,2782,2781.2,2781,2780.8,2782.6,2783,2783.4,2783.8,2784,1,1,1,8,13,1,4,1,2,7,3059,2503
10998545,26705,IH2206,#NAME?,CFFEX,53999.8,2814,20220606,49126,2813.2,1,2814,2,64416,41082916440,2813.2,2813,2812.8,2812.6,2812.4,2814,2814.4,2814.6,2814.8,2815,1,12,4,4,2,2,5,13,25,21,3055.8,2500.2
11023987,25442,IH2206,#NAME?,CFFEX,53999.8,2835.4,20220607,39969,2835.4,1,2835.6,1,58489,34020285720,2835.4,2835.2,2835,2834.6,2834,2835.6,2836,2836.4,2836.6,2836.8,1,1,3,1,4,1,3,2,3,4,3091.8,2529.8
11050439,26452,IH2206,#NAME?,CFFEX,53999.6,2870.8,20220608,42381,2870.4,1,2871,3,58687,36348230640,2870.4,2870.2,2870,2869.8,2869.6,2871,2871.4,2871.6,2871.8,2872,1,3,14,1,2,3,4,2,1,4,3124.8,2556.8
11076842,26403,IH2206,#NAME?,CFFEX,53999.1,2860,20220609,40766,2859.2,1,2860,6,53403,35064447300,2859.2,2859,2858.8,2858.6,2858.4,2860,2860.2,2860.4,2860.6,2860.8,1,5,5,4,1,6,3,1,1,3,3150.6,2577.8
11103911,27069,IH2206,#NAME?,CFFEX,53999.6,2891.6,20220610,45476,2891.6,3,2892,2,53089,39063658860,2891.6,2891,2890.8,2890.4,2890.2,2892,2892.4,2892.6,2892.8,2893,3,3,3,1,11,2,1,1,2,5,3145.2,2573.6
11130213,26302,IH2206,#NAME?,CFFEX,53999.7,2839.2,20220613,47614,2838.6,3,2839.2,1,48197,40580754180,2838.6,2838.2,2838,2837.8,2837.6,2839.2,2839.6,2840,2840.2,2840.4,3,3,3,2,2,1,1,7,1,1,3182,2603.6
11157359,27146,IH2206,#NAME?,CFFEX,53999.6,2884,20220614,49045,2884,1,2884.8,1,42786,41676525840,2884,2883.8,2883,2882.6,2882.4,2884.8,2885,2885.2,2885.4,2885.6,1,1,11,1,1,1,13,1,1,3,3115.6,2549.2
11184601,27242,IH2206,#NAME?,CFFEX,53999.8,2920.6,20220615,51639,2919.8,1,2920.6,23,36053,45323914260,2919.8,2919.4,2919,2918.8,2918.6,2920.6,2921,2921.4,2921.8,2922,1,1,3,4,5,23,2,1,1,2,3144.8,2573.2
11237544,26979,IH2207,#REF!,CFFEX,53999.7,2900.2,20220617,45772,2900.2,2,2900.4,1,53720,39569744940,2900.2,2899.8,2899.2,2899,2898.8,2900.4,2900.6,2900.8,2901.2,2901.4,2,1,2,4,2,1,10,1,1,3,3147.8,2575.8
11264222,26678,IH2207,#NAME?,CFFEX,53999.8,2885.2,20220620,46029,2885,5,2885.6,1,52939,39913533720,2885,2884.8,2884,2883.8,2883,2885.6,2886.2,2886.6,2886.8,2887,5,4,2,2,2,1,1,2,9,1,3189.6,2610
11291356,27134,IH2207,#NAME?,CFFEX,53999.6,2895.6,20220621,45881,2895,9,2896.2,4,52148,39869161680,2895,2894.8,2894.6,2894.2,2894,2896.2,2896.4,2896.6,2897,2897.2,9,2,1,1,2,4,5,1,2,1,3179.8,2601.8
11317997,26641,IH2207,#NAME?,CFFEX,53999.8,2863.2,20220622,37038,2862.8,1,2863.4,2,49480,32025115920,2862.8,2862.6,2862.4,2862,2861.8,2863.4,2863.8,2864.2,2864.4,2864.6,1,1,3,2,2,2,2,13,3,6,3178,2600.4
11344207,26210,IH2207,#NAME?,CFFEX,53999.8,2908,20220623,43062,2907.8,1,2908.2,2,54955,37351009140,2907.8,2907.4,2907.2,2907,2906.8,2908.2,2908.6,2908.8,2909,2909.2,1,2,3,7,1,2,1,1,1,2,3155.4,2581.8
11371045,26838,IH2207,#NAME?,CFFEX,53999.7,2949,20220624,44200,2948.6,1,2949.2,1,55680,38899389120,2948.6,2948.4,2948,2947.8,2947.4,2949.2,2949.4,2949.6,2950,2950.2,1,1,17,2,1,1,3,1,22,1,3197.4,2616.2
11397593,26548,IH2207,#NAME?,CFFEX,53998.7,2982.8,20220627,41786,2982,6,2982.6,9,56478,37480706700,2982,2981.8,2981.6,2981,2980.8,2982.6,2983,2983.2,2983.4,2983.6,6,1,1,3,2,9,1,1,1,4,3244,2654.4
11423684,26091,IH2207,#NAME?,CFFEX,54000,3012.6,20220628,32846,3012.2,3,3012.8,4,52654,29454223980,3012.2,3011.8,3011.6,3011.4,3011.2,3012.8,3013.8,3014.2,3014.4,3014.8,3,1,2,2,3,4,2,5,1,2,3286.4,2689.2
11450365,26681,IH2207,#NAME?,CFFEX,53999.8,2988.8,20220629,41347,2988,7,2989.4,2,57815,37242595620,2988,2987.6,2987.4,2987.2,2987,2989.4,2989.6,2990,2990.2,2991,7,1,1,2,3,2,1,2,3,6,3309.6,2708
11477566,27201,IH2207,#NAME?,CFFEX,54000,3039.2,20220630,45298,3039.2,1,3039.8,2,57915,41222672700,3039.2,3039,3038.8,3038.6,3038.4,3039.8,3040,3040.8,3041.6,3041.8,1,1,8,2,2,2,2,4,1,8,3288,2690.4
11503229,25663,IH2207,#NAME?,CFFEX,53999.8,3027.4,20220701,35977,3027.4,3,3027.6,1,55272,32695673640,3027.4,3026.8,3026.2,3026,3025.6,3027.6,3027.8,3028,3028.8,3029,3,11,1,5,2,1,2,6,4,1,3353.2,2743.6
11528438,25209,IH2207,#NAME?,CFFEX,54000,3032.6,20220704,34177,3032.6,1,3032.8,4,55949,30935764740,3032.6,3032.2,3031.8,3031.6,3031.4,3032.8,3033,3033.6,3033.8,3034,1,5,3,7,1,4,9,3,7,23,3325,2720.6
11555168,26730,IH2207,#NAME?,CFFEX,53999.9,3029.6,20220705,44950,3028.2,6,3029.8,1,57634,40802202060,3028.2,3028,3027.8,3027.6,3027.2,3029.8,3030,3030.2,3030.4,3031,6,4,1,1,5,1,8,2,2,10,3328.8,2723.6
11582082,26914,IH2207,#NAME?,CFFEX,53999.8,2976,20220706,42265,2975,4,2977,1,53645,37895238300,2975,2974.8,2974.4,2973.8,2973,2977,2977.2,2977.6,2978,2979,4,2,1,1,3,1,9,4,2,1,3320,2716.4
11607888,25806,IH2207,#NAME?,CFFEX,54000,2967.8,20220707,33027,2967.8,4,2969,1,50541,29448752400,2967.8,2967.6,2967.4,2967.2,2967,2969,2969.4,2969.6,2969.8,2970,4,1,4,4,2,1,4,2,1,3,3268.2,2674.2
11634112,26224,IH2207,#NAME?,CFFEX,53999.7,2971.4,20220708,37871,2970.4,4,2971.4,3,48312,33917380500,2970.4,2970.2,2970,2969.8,2969.4,2971.4,2971.8,2972,2972.2,2972.4,4,6,15,31,2,3,4,1,1,3,3267.8,2673.8
11660138,26026,IH2207,#NAME?,CFFEX,54000,2926.4,20220711,34788,2926,6,2927.2,12,45729,30581547480,2926,2925.8,2925.6,2925.2,2925,2927.2,2927.4,2927.6,2927.8,2928,6,1,4,4,2,12,5,3,2,10,3273.8,2678.6
11686190,26052,IH2207,#NAME?,CFFEX,53999.6,2909,20220712,35111,2908,1,2909.2,1,40273,30739115040,2908,2907.6,2907.2,2906.8,2906.6,2909.2,2909.4,2909.6,2909.8,2910,1,8,6,6,8,1,3,3,5,3,3216.8,2632
11711511,25321,IH2207,#NAME?,CFFEX,53999.7,2898.4,20220713,31721,2898.4,2,2900,1,33012,27645485940,2898.4,2898.2,2898,2897.6,2897,2900,2900.8,2901,2901.6,2902,2,1,2,1,3,1,3,4,7,8,3199.2,2617.6
11762116,25999,IH2208,#REF!,CFFEX,53999.9,2823.8,20220715,40686,2821.2,1,2824.6,1,38710,35061638340,2821.2,2821,2820.4,2820,2818.8,2824.6,2825.2,2825.6,2825.8,2826,1,1,1,5,1,1,2,1,1,4,3157.2,2583.2
11787087,24971,IH2208,#NAME?,CFFEX,53999.7,2873.8,20220718,37210,2872.2,7,2873.8,2,35748,31876857540,2872.2,2872,2871.8,2871.6,2871.4,2873.8,2874.2,2874.6,2874.8,2875,7,12,4,1,1,2,1,1,6,7,3124.8,2556.8
11812187,25100,IH2208,#NAME?,CFFEX,54000,2859.8,20220719,36293,2858.6,3,2859.8,1,37554,31052168700,2858.6,2858.4,2858.2,2858,2857.6,2859.8,2860,2860.2,2860.4,2860.8,3,2,1,1,11,1,1,2,4,1,3156.4,2582.8
11836129,23942,IH2208,#NAME?,CFFEX,54000,2864,20220720,26677,2864,15,2865,3,32895,22978357140,2864,2863.8,2863.6,2862.8,2862.4,2865,2865.2,2865.6,2866,2866.2,15,1,3,3,1,3,1,2,1,1,3147.2,2575.2
11859667,23538,IH2208,#NAME?,CFFEX,53999.9,2831,20220721,29017,2831,4,2831.2,4,35263,24789182640,2831,2830.6,2830.4,2830,2829.6,2831.2,2831.6,2831.8,2832,2832.2,4,4,2,13,1,4,3,2,16,2,3152.8,2579.6
11885243,25576,IH2208,#NAME?,CFFEX,53999.4,2848.8,20220722,43636,2848.6,1,2849.4,1,39976,37341155100,2848.6,2848.2,2848,2847.8,2847.6,2849.4,2849.6,2849.8,2850,2850.2,1,2,5,3,1,1,3,1,1,1,3124.2,2556.2
11909598,24355,IH2208,#NAME?,CFFEX,53999.6,2839.2,20220725,30374,2839,1,2840,5,34997,25844543820,2839,2838.8,2838.6,2838.4,2838.2,2840,2840.2,2840.4,2840.6,2840.8,1,1,2,1,3,5,1,1,1,1,3136,2566
11933217,23619,IH2208,#NAME?,CFFEX,53999.7,2851,20220726,28147,2852,1,2852.2,3,34654,24109465740,2852,2850.8,2850.6,2850.4,2850.2,2852.2,2852.4,2852.8,2853,2853.2,1,5,1,1,9,3,5,1,5,1,3124.2,2556.2
11956559,23342,IH2208,#NAME?,CFFEX,54000,2827.2,20220727,27587,2826.6,2,2826.8,1,35862,23452803540,2826.6,2826.2,2826,2825.2,2825,2826.8,2827.4,2827.6,2827.8,2828,2,3,6,2,2,1,1,23,6,7,3137.2,2566.8
11981352,24793,IH2208,#NAME?,CFFEX,53999.7,2823.6,20220728,39465,2823.6,13,2823.8,1,41095,33673387200,2823.6,2823.4,2822,2820.2,2819.6,2823.8,2824.2,2824.6,2825,2825.2,13,2,1,1,1,1,2,2,6,3,3110,2544.8
12007296,25944,IH2208,#NAME?,CFFEX,53999.9,2784.8,20220729,44524,2784.4,3,2784.8,3,40745,37601344920,2784.4,2783.4,2782.8,2782.4,2782,2784.8,2785.4,2786,2786.4,2786.6,3,1,1,1,2,3,1,3,2,3,3108.2,2543.4
12032368,25072,IH2208,#NAME?,CFFEX,54000,2778,20220801,31822,2777.6,2,2778,10,37468,26510157900,2777.6,2777.4,2776.8,2776.6,2776.4,2778,2778.6,2778.8,2779,2779.2,2,2,1,1,6,10,2,1,3,1,3068.2,2510.6
12057759,25391,IH2208,#NAME?,CFFEX,53999.7,2731.8,20220802,39300,2732.4,1,2732.6,1,40575,32148980400,2732.4,2731.8,2731.6,2730.8,2730,2732.6,2733,2733.6,2733.8,2734.6,1,10,2,1,5,1,2,1,2,1,3054,2498.8
12083165,25406,IH2208,#NAME?,CFFEX,53999.8,2713.6,20220803,34269,2713,1,2713.6,2,37161,28028414400,2713,2711.2,2711,2710.2,2710,2713.6,2713.8,2714,2714.4,2714.6,1,1,1,1,3,2,5,2,1,2,3004.2,2458.2
12108383,25218,IH2208,#NAME?,CFFEX,53999.8,2740.2,20220804,36906,2739.4,13,2740.2,5,38551,30268141500,2739.4,2739.2,2739,2738.8,2738.6,2740.2,2740.8,2741,2741.6,2741.8,13,3,9,2,2,5,3,1,1,4,2986.4,2443.6
12133286,24903,IH2208,#NAME?,CFFEX,53999.8,2777,20220805,32120,2776.8,1,2777.6,1,35293,26532999000,2776.8,2776.6,2776.4,2776.2,2776,2777.6,2778,2778.4,2778.8,2779,1,2,4,2,3,1,1,3,6,2,3014,2466
12156042,22756,IH2208,#NAME?,CFFEX,53999.8,2761.8,20220808,24680,2760.8,18,2761.2,1,35286,20458574940,2760.8,2760.6,2760.2,2760,2759.2,2761.2,2762,2762.4,2762.6,2762.8,18,1,2,22,2,1,5,5,3,5,3049.8,2495.4
12178320,22278,IH2208,#NAME?,CFFEX,53999.9,2761.4,20220809,21407,2761,2,2761.2,1,33276,17733569100,2761,2760.8,2760.6,2760.4,2760.2,2761.2,2761.8,2762,2762.2,2762.4,2,3,1,3,8,1,2,5,8,2,3036.6,2484.6
12201672,23352,IH2208,#NAME?,CFFEX,53999.7,2728,20220810,29098,2727.6,1,2727.8,2,36260,23909955300,2727.6,2727.4,2727.2,2727,2726.8,2727.8,2728.4,2728.6,2728.8,2729,1,1,4,4,1,2,1,1,4,5,3037.8,2485.8
12226003,24331,IH2208,#NAME?,CFFEX,53999.9,2787.2,20220811,35268,2787,26,2787.2,1,36448,29244264000,2787,2786.8,2786.6,2786.2,2786,2787.2,2787.8,2788,2788.2,2788.4,26,3,5,2,5,1,1,4,4,4,2997.8,2453
12248874,22871,IH2208,#NAME?,CFFEX,53999.9,2798.6,20220812,25968,2797.8,3,2798,1,33343,21740364180,2797.8,2797.6,2797.4,2797.2,2797,2798,2798.6,2798.8,2799,2799.6,3,3,4,1,3,1,2,1,3,1,3067,2509.4
12271155,22281,IH2208,#NAME?,CFFEX,53999.7,2782,20220815,26042,2782.2,1,2782.8,12,33408,21813836940,2782.2,2781.8,2781.6,2781.2,2780.8,2782.8,2783.2,2783.4,2783.6,2783.8,1,1,4,3,4,12,2,1,2,1,3080.8,2520.8
12294081,22926,IH2208,#NAME?,CFFEX,53999.7,2766.8,20220816,26982,2766.8,2,2767.2,2,29039,22497645240,2766.8,2766.6,2766.4,2766,2765.8,2767.2,2767.8,2768,2768.2,2768.4,2,2,2,1,1,2,2,4,2,4,3061.4,2505
12317719,23638,IH2208,#NAME?,CFFEX,53998.8,2783.6,20220817,28162,2783.4,2,2783.6,7,23222,23434792200,2783.4,2783.2,2783,2782.6,2782.2,2783.6,2784,2784.2,2784.4,2784.6,2,7,1,1,1,7,1,5,10,24,3045.4,2491.8
12366599,25193,IH2209,#REF!,CFFEX,53999.7,2756,20220819,38706,2756,2,2756.2,10,71682,32101067220,2756,2755.8,2755.6,2755,2754.4,2756.2,2756.8,2757,2757.2,2757.6,2,1,1,4,1,10,1,4,5,6,3037,2485
12391098,24499,IH2209,#NAME?,CFFEX,53999.7,2754.4,20220822,39342,2754.4,2,2755,7,70929,32572533900,2754.4,2754.2,2754,2753.8,2753.6,2755,2755.2,2755.4,2755.6,2755.8,2,13,23,4,2,7,6,9,2,7,3031.6,2480.4
12415891,24793,IH2209,#NAME?,CFFEX,54000,2736.8,20220823,38022,2736.8,2,2737,8,73891,31275147840,2736.8,2736.6,2736,2735.6,2735,2737,2737.2,2737.4,2737.6,2737.8,2,1,4,1,1,8,5,8,4,3,3031,2480.2
12442072,26181,IH2209,#NAME?,CFFEX,54000,2708.2,20220824,41145,2708,3,2708.2,1,72097,33698539920,2708,2707.6,2707.4,2707.2,2707,2708.2,2708.6,2709,2709.4,2709.6,3,1,1,3,1,1,3,1,4,3,3009,2462.2
12467976,25904,IH2209,#NAME?,CFFEX,53999.9,2757.2,20220825,48017,2757.2,4,2757.6,2,71285,39329908440,2757.2,2757,2756.8,2756.6,2756.4,2757.6,2758,2758.2,2758.4,2758.6,4,9,5,7,2,2,6,1,1,1,2981.8,2439.8
12493257,25281,IH2209,#NAME?,CFFEX,53999.7,2757.6,20220826,33279,2756.8,1,2757.8,7,67524,27537224520,2756.8,2756.6,2756.4,2756.2,2756,2757.8,2758,2758.2,2758.4,2758.6,1,2,2,3,6,7,4,1,2,18,3022,2472.8
12517449,24192,IH2209,#NAME?,CFFEX,54000,2735.2,20220829,35260,2735,1,2735.2,7,67797,28919134740,2735,2734.8,2734.6,2734.4,2734.2,2735.2,2735.4,2735.6,2735.8,2736,1,1,5,3,3,7,3,3,2,6,3033.8,2482.2
12542153,24704,IH2209,#NAME?,CFFEX,53999.2,2730.6,20220830,35351,2730.6,4,2730.8,14,67736,28882875840,2730.6,2730,2729.8,2729.6,2729.4,2730.8,2731,2731.2,2731.8,2732,4,8,2,3,2,14,10,3,2,22,3005.8,2459.4
12568125,25972,IH2209,#NAME?,CFFEX,54000,2764,20220831,51745,2764,1,2764.2,3,72687,42743530980,2764,2763.2,2762.8,2762.6,2762.2,2764.2,2764.4,2764.6,2764.8,2765,1,1,3,2,1,3,2,4,10,7,3001.6,2456
12593342,25217,IH2209,#NAME?,CFFEX,53999.7,2736.8,20220901,38021,2736.8,1,2737.2,1,65955,31382604480,2736.8,2736.6,2736.4,2736.2,2736,2737.2,2737.4,2737.6,2737.8,2738,1,3,1,2,2,1,1,6,5,10,3040,2487.6
12619161,25819,IH2209,#NAME?,CFFEX,53999.7,2711.8,20220902,41770,2711.6,1,2712.4,1,70913,34074859080,2711.6,2711.4,2711,2710.4,2710.2,2712.4,2713,2713.2,2713.4,2713.6,1,6,4,1,1,1,7,2,2,2,3016.2,2467.8
12644656,25495,IH2209,#NAME?,CFFEX,53999.8,2702.6,20220905,37403,2702,4,2702.8,5,69100,30187375500,2702,2701.8,2701.6,2701.4,2701.2,2702.8,2703,2703.2,2703.4,2703.6,4,10,6,3,5,5,10,2,3,3,2978.4,2437.2
12669660,25004,IH2209,#NAME?,CFFEX,53999.8,2724.4,20220906,36661,2724.2,9,2725,1,65647,29884156260,2724.2,2724,2723.8,2723.6,2723.4,2725,2725.8,2726,2726.6,2726.8,9,4,4,3,3,1,2,3,6,1,2964.6,2425.8
12693806,24146,IH2209,#NAME?,CFFEX,53999.8,2716.4,20220907,28387,2715.8,3,2716.4,1,62000,23097634620,2715.8,2715.6,2715.2,2715,2714.8,2716.4,2716.8,2717,2717.2,2717.4,3,12,4,2,4,1,4,16,4,2,2995,2450.6
12716770,22964,IH2209,#NAME?,CFFEX,53999.8,2707.2,20220908,28326,2707.2,2,2708.4,2,60397,23114250780,2707.2,2707,2706.6,2706.4,2706.2,2708.4,2708.6,2708.8,2709,2709.2,2,11,2,2,4,2,2,8,13,7,2983.2,2440.8
12741521,24751,IH2209,#NAME?,CFFEX,53999.8,2764.8,20220909,41946,2763.4,1,2764.8,11,60695,34598710980,2763.4,2763.2,2763,2762.8,2762.6,2764.8,2765,2765.4,2765.6,2765.8,1,1,1,1,2,11,1,2,2,3,2983.2,2440.8
12765994,24473,IH2209,#NAME?,CFFEX,53999.6,2767.4,20220913,36198,2767.4,1,2767.8,1,50819,30103752960,2767.4,2767.2,2767,2766.8,2766.6,2767.8,2768,2768.2,2768.8,2769,1,6,3,7,1,1,5,1,3,14,3040.6,2487.8
12790460,24466,IH2209,#NAME?,CFFEX,53999.7,2749.8,20220914,32150,2749.4,5,2750.2,2,42467,26548151580,2749.4,2749.2,2749,2748.8,2748.6,2750.2,2750.4,2750.6,2751,2751.2,5,1,3,2,1,2,3,2,6,3,3051,2496.6
12842126,26202,IH2210,#REF!,CFFEX,53999.7,2687.4,20220916,47245,2686.8,1,2687.4,1,61305,38409877080,2686.8,2686.6,2685.6,2685.4,2685.2,2687.4,2687.8,2688,2688.2,2688.4,1,3,4,1,4,1,3,3,2,1,3019.4,2470.6
12866847,24721,IH2210,#NAME?,CFFEX,53999.9,2682,20220919,34787,2681.8,3,2682,1,59262,28036702260,2681.8,2681.6,2681,2680,2679.2,2682,2682.2,2682.6,2682.8,2683,3,1,1,2,2,1,1,3,5,5,2962,2423.6
12890350,23503,IH2210,#NAME?,CFFEX,54000,2674.6,20220920,26452,2674.4,2,2674.6,3,57906,21275511120,2674.4,2674.2,2674,2673.8,2673.6,2674.6,2675.6,2675.8,2676,2676.2,2,2,2,15,3,3,11,1,14,3,2948.6,2412.6
12915175,24825,IH2210,#NAME?,CFFEX,53999.8,2651.4,20220921,37516,2649.6,1,2651.2,1,57519,29917807620,2649.6,2649.4,2649.2,2649,2648.8,2651.2,2651.6,2651.8,2652,2652.2,1,8,1,3,4,1,2,4,7,4,2941.4,2406.6
12939865,24690,IH2210,#NAME?,CFFEX,54000,2631.6,20220922,35020,2630.8,1,2631.8,3,58625,27669188340,2630.8,2630.6,2630.4,2630.2,2630,2631.8,2632,2632.2,2632.4,2632.6,1,2,4,7,4,3,5,4,1,9,2925,2393.4
12965606,25741,IH2210,#NAME?,CFFEX,53999.8,2632,20220923,43785,2632,3,2632.6,5,61124,34646694120,2632,2631.8,2631.4,2631.2,2630.8,2632.6,2633,2633.2,2633.4,2633.6,3,1,2,8,1,5,4,2,1,2,2896.8,2370.4
12990467,24861,IH2210,#NAME?,CFFEX,53999.9,2614,20220926,40213,2614,3,2615,3,59824,31787715360,2614,2613.8,2613.6,2613.4,2613,2615,2615.8,2616,2616.2,2616.4,3,21,2,1,5,3,1,6,1,2,2898,2371.2
13015424,24957,IH2210,#NAME?,CFFEX,53999.7,2642.8,20220927,34810,2642.8,1,2643,5,56608,27447569400,2642.8,2642,2641.8,2641.6,2641.4,2643,2643.2,2643.6,2643.8,2644,1,2,1,4,9,5,6,2,1,4,2884.6,2360.2
13039987,24563,IH2210,#NAME?,CFFEX,53999.8,2613.4,20220928,31781,2613.4,2,2613.8,2,54265,25029789060,2613.4,2613.2,2613,2612.8,2612.6,2613.8,2614,2614.2,2614.4,2614.6,2,7,19,8,7,2,2,4,5,3,2905,2377
13065294,25307,IH2210,#NAME?,CFFEX,53999.7,2610.8,20220929,39773,2610.8,4,2611.8,1,56350,31310260140,2610.8,2610.4,2609.8,2609.6,2609.4,2611.8,2612,2612.2,2612.6,2612.8,4,3,1,2,3,1,22,1,2,2,2878.2,2355
13090639,25345,IH2210,#NAME?,CFFEX,53999.8,2610,20220930,36621,2610,2,2610.8,1,52913,28797396420,2610,2609.8,2609.4,2609.2,2609,2610.8,2611,2611.2,2611.4,2611.6,2,1,1,2,3,1,1,3,2,2,2868,2346.8
13116019,25380,IH2210,#NAME?,CFFEX,53999.8,2545.4,20221010,38773,2545.4,1,2545.6,1,56172,29972880540,2545.4,2544.8,2544.6,2544,2543.6,2545.6,2545.8,2546,2546.2,2546.4,1,1,1,2,1,1,2,4,3,4,2875.8,2353
13140714,24695,IH2210,#NAME?,CFFEX,53999.8,2538.4,20221011,33563,2538,12,2538.4,2,55908,25607911920,2538,2537.8,2537.6,2537.4,2537.2,2538.4,2539,2539.2,2539.6,2539.8,12,3,1,3,2,2,1,2,1,2,2805.4,2295.4
13167572,26858,IH2210,#NAME?,CFFEX,53999.7,2554.6,20221012,46856,2554.4,10,2554.8,3,59488,35328395340,2554.4,2554.2,2554,2553.8,2553.6,2554.8,2555.2,2555.4,2555.6,2556,10,3,10,1,3,3,1,1,3,5,2795,2287
13193311,25739,IH2210,#NAME?,CFFEX,53999.7,2525,20221013,40375,2525,9,2525.4,1,54835,30594146400,2525,2524.8,2524.6,2524.4,2524.2,2525.4,2525.6,2526,2526.2,2526.4,9,9,2,1,2,1,1,13,2,2,2795.6,2287.6
13219567,26256,IH2210,#NAME?,CFFEX,53999.6,2586.6,20221014,46832,2586.6,7,2586.8,2,49472,36228681840,2586.6,2586.4,2586.2,2586,2585.8,2586.8,2587,2587.2,2587.4,2587.6,7,1,3,7,8,2,8,1,1,1,2779,2273.8
13244088,24521,IH2210,#NAME?,CFFEX,53999.7,2580.2,20221017,28283,2580,7,2580.4,3,41934,21842705640,2580,2579.8,2579.6,2579.4,2579.2,2580.4,2580.6,2580.8,2581,2581.2,7,7,7,9,3,3,5,1,2,4,2846.2,2329
13268620,24532,IH2210,#NAME?,CFFEX,53999.7,2566.6,20221018,30210,2566.4,1,2566.8,1,39649,23355285180,2566.4,2566.2,2566,2565.8,2565.6,2566.8,2567,2567.2,2567.4,2567.8,1,2,4,1,4,1,5,9,22,1,2839,2323
13293711,25091,IH2210,#NAME?,CFFEX,53999.7,2515.4,20221019,31801,2515.4,2,2515.8,1,33084,24204099660,2515.4,2515.2,2515,2514.8,2514.4,2515.8,2516,2516.2,2516.4,2516.6,2,4,2,1,1,1,3,3,1,2,2823.6,2310.4
